6176 9126
1201 943 2201 258 hñt rõm ardui et dissicił nam ardm

1196 1135 2231 238 tas ⁊ dificultas potissime sũt repũg

1191 1302 2186 244 nͣcia ⁊ ꝓhibencia ne possumus conse¬

1186 1450 2130 248 qui bonũ ⁊ uitare malum ĩ ꝑfc̃e gͦ

1186 1617 2180 243 egisset nͣ si dedisset nͣ alĩbus concupis

1186 1804 2130 208 cibilem ꝑ quam uitarent mala ⁊ ꝓse

1181 1916 2165 253 querentur bona nͥ dedisset eis nasciˡᵉ

1186 2083 2231 233 ꝑ quam agg̾direntur ĩpedielicia delec¬

1196 2246 2206 223 tacõnem illmͧ ut gͥ alia ẜ mod̃ sͥ cõue¬

1196 2423 2186 188 nientem plene possunt delectari ꝑ con¬

1196 2555 2211 238 cupiscibilem data est eis irasciˡ ꝑ quam

1201 2722 2196 198 resistant ⁊ agg̾diantur ĩpediencia de¬

1201 2864 2181 248 lectacõm illã dupͬ est gꝰ appetitus sẽ¬

1206 3042 2181 243 sitiuꝰ irascibilis ⁊ concupiscibił ap¬

1206 3204 2206 223 petitus aũ intellectiuꝰ qui dr̃ uoluntas

1206 3361 2216 213 remanet indiuisus nam cũ inteꝰ uliõri

1201 3508 2186 228 m̃o fertur in bonũ qmͣ appetitus ẜ sẽsũ

1196 3670 2196 218 ⁊ quͣto aͥd sb̃ ulĩori m̃o accipitur tanto

1206 3848 2140 213 unũ ⁊ id exñs ad płura ꝙ extendit

1191 3985 2221 223 licet appetitus ẜẜituꝰ Sit alius ⁊ alius

1206 4137 2181 248 ẜ quam ꝓsequi᷑ delectabilia ẜͫsẜͫ

1196 4304 2191 228 et agg̾diur teribilia appetitus tũ in

1196 4481 2201 183 tellectiꝰ unus et id exñs fertur ĩ om̃e

1186 4618 2216 208 bonum intelliˡᵉ nõ gᵒ est alius appeti¬

1196 4775 2201 229 tus ĩtellectiuꝰ ẜ qũe ꝑsequimur bona

1196 4933 2226 207 ardua sicut est alius appetitus sen¬

1216 5095 2155 208 sitiuꝰ ẜͫ qũe ꝓsequiur bona sensi¬

1191 5232 2241 197 bilia delectabilia et aggredim᷑ t᷑ibilia

1196 5389 2226 198 qͣre si om̃is uͥtus uel est in ĩteⁿ ⁊ appe

1186 5546 2185 218 titu ⁊ appetitu alius est intellectiuꝰ ł

1186 5698 2201 223 uoluntas alius sẜitiuꝰ ⁊ ħ dup̽ nasciˡ

1181 5860 2211 203 .s. ⁊ concupisciˡ. o om̃i uͥtutẽ morͣlem

1196 6018 2181 223 uł esse in inteͫ ueł in uoluntate uł

1196 6175 2216 203 ĩ irasciˡⁱ uł ĩ concupiscibili accipiendo

1181 6342 2165 213 gͥ uͥtutem moralem large ꝓut ip̃a pͧ¬

1186 6494 2272 183 dencia dr̃ qued̃ uͥtus morͣł dr̃e possuꝰ

1191 6631 2201 183 ꝙ ẜ has. sͦ  uͥtutes cardinales .s. pͧdẽ¬

1191 6778 2206 198 cia iustia fortitudo ⁊ tẽpancia. nã pͧden

1196 6935 2201 203 cia est in inteͧ iusticia in uoluntate for

1191 7072 2226 244 titudo in irascibili tenꝑancia ĩ cõcupisciˡⁱ
