1134 1791
242 99 833 66 SECVNDA PARS PRIIMI LIBRI

303 158 713 62 de regimine principum: in qua tractatur, quas

422 206 462 70 virtutes debeant habere reges,

544 260 227 68 & principes.

568 361 188 69 CAP. 1.

241 413 833 67 Quomodo diuiduntur potentiæ animæ, &

284 470 750 65 in quibus potentiis habent esse virtutes.

575 572 498 64 Ostquam auxiliante Deo cõple¬

574 629 500 60 uimus primam partem huius pri¬

574 678 499 64 mi libri, in quo agitur de regi¬

572 730 501 63 mine sui. Ostendentes in quo re¬

577 784 492 62 ges & principes suam felicita¬

576 834 495 61 tem debeant ponere, quia nõ de¬

238 887 833 63 cet eos suum finem ponere in diuitijs, nec in ciuili poten¬

240 938 833 63 tia, nec in aliquibus talibus, sed omnibus his (vt supra

239 990 834 64 plenius ꝓbabatar ) debẽt vti tanquam organis ad felici¬

237 1043 836 63 tatem. Suam autem felicitatem ponere debẽt in actu pru¬

236 1096 836 61 dentiæ, prout talis actus ẽ imperatus à charitate:nam tũc

238 1146 836 63 reges habent felicitatem suo fatui debitam & condignã,

237 1197 835 67 quando instigante dei dilectione secũdũ prudentiam re¬

238 1250 837 66 gitiuam, gentem sibi commissam secũdum legem & rat¬

236 1304 840 63 tionem sancte & iustè regant. Principaliter ergo regũ

238 1356 838 65 felicitas ponenda est in ipso deo, & ex cognitione & di¬

234 1407 843 64 lectione eius studium suum & vitam suam ad hoc ordi¬

233 1459 844 62 nare debet, vt cognoscentes & diligentes deum, tanquam

235 1511 839 81 veri minstri eius secundum ordinem rationis dirigãt po¬
