1148 1765
71 99 834 67 quem ꝓsequimur bona sensibilia delectabilia, & aggre¬

68 153 839 64 dimur terribilia. Quare si omnis virtus moralis vel est

66 205 840 65 in intellectu, vel in appetitu: & appetitus alius intelle¬

63 257 841 62 ctiuus vt voluntas, alius est sensitiuus: & hoc duplex,

64 310 840 66 irascibilis scilicet, & cõcupiscibilis: oportet omnem vir¬

66 362 839 63 tutem moralem vel esse in intellectu, vel in voluntate, vel

63 413 842 67 in irascibili, vel in concupiscibili. Accipiendo ergo vir¬

64 468 841 61 tutem moralem large prout ipsa prudentia dicitur quæ¬

62 519 839 68 dam virtus moralis, dicere possumus ꝙ secundũ has qua¬

63 572 839 63 tuor potentias animæ in quibus habet eẽ virtus, sumptæ

63 623 842 63 sunt quatuor Virtutes cardinales, videlicet, prudẽtia, iu¬

62 674 842 66 stitia, fortitudo, & temperantia. Nam prudentia est in

62 725 822 69 intellectu, iustitia in volũtate, fortitudo in irascibili, tem

64 781 444 70 perantia in concupiscibili.
