1135 1767
81 89 836 78 pulum sibi commissum. His ergo ita peractis, & osten¬

80 148 835 71 so in quo reges ponere debeant suum finem secundũ or¬

72 201 844 70 dinem superius prætaxatum, restat ostẽdere quibus vir¬

73 249 841 75 tutibus reges pollere debeant. Virtutes autem quædã sunt

73 304 840 73 quidam ornatus, & quædam perfectiones animæ. Opor¬

73 355 838 71 tet ergo prius ostendere, quot sunt potentiæ animæ, & in

74 407 838 73 quibus potentijs habent esse virtutes. Consequẽter autem

69 458 841 77 manifestabitur, quomodo virtutes sunt diftinguẽdæ. Po¬

68 510 843 74 stea vero ostendemus, quot sunt numero huiusmodi vir¬

66 561 840 75 tutes, & quæ illarum sunt principales, & secundariæ.

68 613 839 81 Deinde aũt declarabitur singulariter, quæ sit vnaquæ

65 668 843 73 illarum virtutum, & quomodo decet reges & principes

64 720 857 75 tales virtutes habere. Potentiæ autem animæ sic distin¬

64 770 857 79 gui possunt, quia potentiæ animæ quædam sunt natura¬

63 823 842 76 les, quædam cognitiuæ sensitiuæ, quædam appetitiuæ, et

66 876 837 73 quædã intellectiuæ. Natarales potentiæ sunt illæ, in qui¬

62 925 840 78 bus cõmunicamus cũ vegetabilibus & plantis, vt potentia

60 977 845 78 nutritiua, augmentatiua, generatiua, & talia quæ etiã

65 1030 837 77 ipsis arboribus competunt. Potentiæ vero cognitiuæ sen¬

59 1080 841 79 sitiuæ, sunt visus, gustus, auditus, & talia, in quibus co¬

54 1133 846 78 municamus cum brutis. Appetitiuæ vero distinguuntur:

54 1187 844 77 nam quidam appetitus est in homine, in quo nõ cõmuni¬

53 1238 846 78 cat cum brucis, vt est appetitus sequens intellectum:qui¬

50 1290 850 79 dam vero in quo communicat cum eis, vt appetitus sequẽs

54 1341 847 81 sensum Appetitus autem sequens sensum potest nomina¬

50 1393 845 78 ri sensualitas: sequens intellectum nominatur voluntas:

51 1445 848 77 secundum quem modum loquendi bruta habent sensuali¬

50 1497 846 85 tatem & appetitum sensitiuum, sed non habent uolunta¬
