1121 1792
218 101 842 66 tem & intellectum. Virtutes ergo, de quibus loqui inten¬

218 156 844 65 dimus, quæ sunt quidã habitus laudabiles, vel erit in po¬

218 207 841 64 tentijs naturalibus, vel in ipsis sensibus, vel in appetitu

219 259 835 65 sensitiuo, vel in appetitu intellectiuo, vel in ipso intelle¬

216 311 837 65 cu, vel in omnibus his, vel in aliquibus horum. In poten¬

215 364 840 64 tijs autem naturalibus esse non possunt. quod tripliciter

216 418 838 61 patet. Primo, quia ex naturalibus nec laudamur, nec vi¬

214 468 841 63 tuperamur : nullus enim dicitur bonus homo ex eo ꝙ ha¬

214 519 841 63 beat digestiuam bonam, vel bonam augmentatiuam. Se¬

211 572 844 64 cundo, in talibus non habent esse virtutes: quia virtus est

203 619 850 70 aliquid secundum rõnem, vt probari habet secũdo Ethi.

215 676 838 58 Potentiæ autem naturales (secundum quod huiusmodi )

212 729 841 64 rationi non obediunt : nam siue quis ratiocinetur, siue

209 781 839 65 velit non propter hoc (per se loquendo ) potentiæ natu¬

210 832 838 65 rales variantur in actibus suis, sed semper secundũ mo¬

209 885 841 64 dum sibi possibilem suas actiones efficiũt. Tertio in tali¬

209 936 844 65 bus potentijs non sunt habitus & virtutes, ꝗ habitus sunt

207 988 846 65 ad determinandum potentias, vt bene vel male agant. vt

209 1039 840 67 per habitus vitiosos determinatur potentia ad agẽdũ ma¬

207 1092 851 67 le, per virtuosos ad agendum bene : cum ergo natura sit

205 1145 845 65 determinata ad vnum, et potentiæ naturales sufficienter

206 1197 845 65 determinentur ad agendum, ex natura sua secundum eas

205 1249 844 64 nec sumus vitiosi, nec virtuosi, vt hic de vitio, & virtu¬

203 1299 846 67 te loquimur: quare in eis huiusmodi virtutes eẽ nõ pos¬

203 1352 853 69 sunt. His ergo tribus rationibus, per quas probatum est

192 1405 858 70 virtutes non esse in potentijs naturalibus, probari potest

192 1457 857 69 eas non esse in cognitione sensitiua, siue in potentiis sen¬

203 1511 851 79 sitiuis. Nam sicut nõ laudamur, nec vituperamur ex po¬
