1150 1774
58 91 837 66 tentiis naturalibus: sic non laudamur, nec vituperamu¬

56 144 838 65 ex sensibus. Nam sicut nullus laudatur tanquam bonus

55 196 836 66 homo, ex eo ꝙ bene digerit, vel bene crescit: sic nõ lau¬

54 248 838 67 datur ex eo ꝙ acute videt, vel subtiliter audit, nisi forte

54 300 836 65 hoc esset per accidens, vt si quis ex superflua comestio¬

56 353 832 66 ne, vel ex nimia potatione incurrisset ophthalmiam ocu¬

55 405 834 63 lorum, ne bene videret, vel debilitatem stomachi, ne be¬

53 456 840 64 ne digereret: increparetur ille, nõ quia male digerit, vel

52 508 842 66 quia non clare videt, quia clare videre, & bene digere¬

53 560 847 69 re(per se loquendo) non est in potestate hominis: sed in¬

51 614 841 68 creparetur ex nimio potu, vel ex superfluo cibo, nã erat

53 668 838 60 in potestate sua, vt posset vti potu, & cibo moderate¬

53 718 837 65 Secundo in sensibus non est ponenda virtus moralis, quia

53 771 839 66 sicut potentiæ naturales non obediunt rationi, quia secũ¬

53 824 843 65 dum regulam rationis nullus magis vel minus augetur,

53 874 844 66 vel magis & minus digerit : sic nec sensus obediunt ra¬

50 926 850 66 tioni, nõ enim est in potestate hominis videre clarius, vel

47 977 846 68 minus clare:quare si virtus moralis est aliquid secundum

45 1030 848 65 rationem, huiusmodi virtus in sensibus poni non debet.

50 1081 842 70 Tertio in talibus non est moralis virtus, quia sicut poten¬

43 1135 848 65 tiæ naturales sufficienter determinãtur ad actiones suas

43 1188 846 65 per suam naturam: sic & sensus. Nam sicut ignis tan¬

40 1238 841 68 tum calefacit, quantum potest calefacere, propter quod,

40 1293 848 64 quia determinatus ẽ in actione sua, nec laudatur, nec vi¬

42 1343 847 67 tuperatur, nec est in eo virtus moralis: sic quia potentia

39 1396 850 65 digestiua tantum digerit quantũ potest digerere. & ocu¬

41 1445 849 68 lus tantum videt quantum potest videre, in eis virtus mo¬

39 1498 853 80 ralis esse non potest, Nam per virtutem moralem deter¬
