1148 1792
231 100 851 69 minatur potentia ad agendũ: hæc autem sufficienter de¬

230 157 853 64 terminantur ad actiones proprias per naturam: nõ ergo

233 206 850 66 indigent virtute morali Si ergo nec in potentijs naturali¬

232 262 849 61 bus, nec in sensibus est virtus moralis, cum præter poten¬

234 312 847 66 tias naturales & sensus non sit nisi intellectus, & appe¬

232 363 844 66 titus intellectiuus, & sensitiuus, oportet eẽ in talibus virs

234 413 217 62 tutes morales.

545 521 236 59 CAP. 11.

236 568 841 69 Quomodo distinguuntur virtutes: & quo¬

260 624 775 66 modo eẽ habẽt in intellectu & appetitu.

346 729 737 64 Stenso, ꝙ nec in potentijs naturalibus, nec in sen¬

292 781 793 64 D sibus habent esse virtutes: restat ostendere, quo¬

233 832 848 65 modo distinguuntur virtutes, & quomodo in appetitu &

233 884 844 64 intellectu existunt. Distinguendum est igitur de virtuti¬

232 935 848 66 bus, & de huiusmodi potentijs: nam virtutum quædam

232 988 849 65 sunt intellectuales, quædam morales, quædõ mediæ in¬

231 1040 850 67 ter intellectuales & morales. Virtutes intellectuales di¬

233 1092 847 64 cuntur illæ quæ sunt in intellectu speeulatiuo, cuiusmodi

234 1142 844 68 sunt scientiæ speculatiuæ, vt naturalis philosophia, geo¬

234 1196 847 64 metria, metaphysica, et cætera tualia. Virtutes vero sim¬

233 1247 848 69 pliciter morales sunt illæ, quæ sunt in appetitu, siue ap¬

232 1301 853 65 petitus ille sit sensitiuus, siue intellectiuus, cuiusmodi sunt

230 1351 858 66 iustitia, temperantia, sortitudo, mansuetudo, & cætera

229 1403 854 67 talia, de quibus sumus singulariter tractaturi. Virtutes

228 1457 851 63 autem mediæ inter intellectuales & morales, sunt virtu¬

227 1508 861 77 tes existentes in intellectu practico, vt prudentia, & ali¬
