1146 1768
87 87 840 75 vtrtutes sibi annexæ. Prudentia autem, secundum Com¬

81 146 844 65 mentatorem super libris Ethicorum, media est inter vir¬

83 196 853 68 tutes morales, & intellectuales; computari tamen potest

82 249 846 62 cum virtutibus moralibus: nam prudentia non est nisi in

81 302 853 64 hominibus bonis, sicut nec virtutes morales: praui enim

84 354 841 68 homines & si possunt esse scientes, astuti, & versipelles;

88 407 839 69 prudentes tamen esse non possunt, vt suo loco patebit. In¬

82 450 861 74 de est ergo quod dicitur VI Ethicorum, ꝙ impossibile

85 507 845 69 est prudentem esse non existentem bonum. Dimissis er¬

83 556 847 72 go virtutibus hmõdi intellectualibus, vt dimissis scientijs

89 612 851 69 speculatiuis, de prudentia, & de virtutibus moralibus est

84 666 851 63 tractandũ. Suscepimus enim (vt pluries diximus) præ¬

84 718 848 69 sens opus, non vt sciamus, sed vt boni siamus: quæ boni¬

81 769 852 67 tas, sine prudẽtia et viriutibus moralibus, nobis inesse nõ

82 822 849 67 potest. Has autem virtutes, in intellectu, & appetitu sic

85 875 856 66 esse contingit: Dictum est enim, virtutem esse aliquid se¬

83 927 851 66 cundum rationem: oportet ergo esse rationalem poten¬

83 978 852 66 tiam, in qua potest esse virtus. Rationale autem duplex

79 1029 864 68 est secundum Philosophum, per essentiam, & per par¬

81 1082 862 68 ticipationem. Intellectus autem est rationalis per essen¬

79 1134 858 66 tiam. Appetitus vero per participationem. Nam appeti¬

81 1188 859 65 tus licet nõ sit ipse intellectus vel ipsa ratio essentialiter,

82 1241 856 63 dicitur tamen participure rationem, quia est aptus natus

82 1290 857 66 rationi obedire. Potẽtiæ autem naturales, & sensus nec

81 1343 858 65 sunt rationales per essentiam, quia non sunt ipsa ratio:

81 1393 861 66 nec ratione participant, quia per se & secundum quod

78 1443 865 68 huiusmodi non obediunt rationi. Igitur in sensibus, & in

80 1497 868 80 pot entijs naturalibus (vt suipra dicebatur ) non habent eẽ
