1120 1793
217 82 831 81 virtutes, sed solum esse habent in intellectu, & appetitu.

218 138 833 78 In nobis autem duplex ẽ appetitus, intellectiuus, & sen¬

220 190 829 78 sitiuus. Nam sicut appetitus naturalis sequitur formam

220 245 829 75 naturaliter adeptam, sic appetitus cognitiuus sequitur

219 295 829 76 formam per cognitionem apprehensam. Sicut enim gra¬

216 350 835 74 uia, ex eo ꝙ habent formam grauis, sequitur ea quædam

215 399 834 75 naturalis inclinatio, & quidã appetitus naturalis, vt na¬

215 450 832 76 turaliter desiderent esse deorsum: sic habentia cognitio¬

212 503 833 75 nem prout habẽt in seipsis formam apprehnensam, sequi¬

210 554 837 77 tur quædam inclinatio & quidam appetitui secundum

213 606 833 74 formam illam. Propter quod sicut in nobis duplex ẽ co¬

213 660 834 76 gnitio, sensitiun, & intellectiua: sic etiam est in nobis

207 712 837 74 duplex appetitus, videlicet, sensitiuus, qui sequ tur for¬

207 766 836 73 mam apprehensam ꝓ sensum: & intellectiuus qui sequi¬

206 816 839 76 tur formam apprebensam per intellectum. Appetitus aũt

207 867 835 76 sensitiuus duplex est. Nam cũ animalia sint supra inu¬

204 920 837 78 nimata, si natura elemẽtis & rebus inqnimatis dedit du¬

204 975 839 74 plicem potentiam, vnam per quam tendunt in propriam

203 1025 835 75 quietem, & aliam per quam resistunt, & agũt in pro¬

200 1076 840 76 hibentia, & in contraria: multo magis hanc duplicem

201 1129 836 74 potentiam natura dedit ipsis animalibus, quæ sunt pere

203 1180 834 77 fectiora illis. Videmus enim ꝙ ignis neturaliter ẽ cali¬

195 1234 836 73 dus, & leuis, per leuitatem autem tendit in locum pro¬

196 1286 839 75 prium, & in quietem sibi conuenientem: per caliditatem

194 1345 839 65 vero agit in contraria, ne ergo ignis per quæcun con¬

189 1394 845 69 craria agentia impediretur, ne per leuitatem in proprio

188 1441 848 74 loco quiesceret, dedit ei natura potentiam calefaciiuã, vt

197 1496 836 84 per eñ resisteret, & ageret in contraria corruptiua. Si
