1141 1773
74 95 843 72 ergo igni, et rebus inanimatis natura dedit duplicem po¬

69 151 846 67 tentiam, vnam per quam adipiscũtur propriã quietem, et

69 203 843 62 aliã per quam agunt in prohibentia & contraria: multo¬

67 253 846 70 magis hoc dedit animalibus. Tribuit ergo eis duplicem

68 304 842 72 appetitum sensitiuum, vnum per quem prosequũtur pro¬

72 359 836 66 priã quietem, & propriã delectationem, vt cõcupiscibi¬

67 409 837 70 lem: & aliũ per quem resistunt & aggrediuntur pro¬

64 463 834 65 hibitiua vt contraria, vt irascibilem. Ita ꝙ cõcupiscibi¬

64 513 840 71 lis se habet sicut leuitas, vel grauitas, in leuibus, & gra¬

64 566 843 68 uibus. Irascibilis vero se habet quasi caliditas, vel frigi¬

62 618 844 68 ditas in eis. Nam sicut grauia per grauitatem recedũt à

60 671 844 63 loco sursum tanquam à non conueniente, & tendunt in

59 722 842 66 locum deorsum tanquam ad locũ cõuenientem & cõfor¬

58 777 843 65 mem: per srigiditatem vero resistunt cantrarijs, ne cor¬

57 828 837 69 rumpantur à propria natura, & deserant propria loca,

58 877 842 70 & propriam quietem. Sic animalia per cõcupiscibilem

62 929 837 70 fugiũt mala tristia, & ꝓsequũtur bona delectabilia. Per

54 981 843 72 irascibilẽ vero aggrediũtur contraria, quæ possent ea ab

52 1033 847 69 hmõi delectationibus prohibere. vt leo per cõcupiscibilẽ

52 1083 840 75 pergit, vt ꝓsequatur cibum tanquam quid delectabile: ꝑ

50 1137 848 69 irascibilem vero aggreditur animalia illa volentia ipsum

50 1186 841 73 prohibere in cibo adepto. Propter quod bene dictum est,

52 1239 841 72 ꝙ concupiscibilis respicit bonum & malum secundũ se:

47 1291 847 70 irascibilis vero respicit bonũ & malũ inquantũ habent

48 1341 848 74 rõnem difficilis & ardui. Nam cũ bonũ secundũ se di¬

45 1394 845 74 cat prosequendũ, malũ vero quid sugiendũ: cõcupiscibi¬

43 1443 849 78 lis, quæ secũdũ se tendit in quietẽ et in bona delectabilia,

47 1498 844 101 & sigit mala tristio, ꝓ obiecto habet mala eebona sen¬
