<?xml version="1.0" encoding="UTF-8"?>
<alto xmlns:xsi="http://www.w3.org/2001/XMLSchema-instance"
      xmlns="http://www.loc.gov/standards/alto/ns-v4#"
      xsi:schemaLocation="http://www.loc.gov/standards/alto/ns-v4# http://www.loc.gov/standards/alto/v4/alto-4-2.xsd">
  <Description>
    <MeasurementUnit>pixel</MeasurementUnit>
    <sourceImageInformation>
      <fileName>9.jpg</fileName>
      
    </sourceImageInformation>
  </Description>
  
  <Tags>
    <OtherTag ID="BT1" LABEL="Title" DESCRIPTION="block type Title"/><OtherTag ID="BT2" LABEL="Main" DESCRIPTION="block type Main"/><OtherTag ID="BT3" LABEL="Commentary" DESCRIPTION="block type Commentary"/><OtherTag ID="BT4" LABEL="Illustration" DESCRIPTION="block type Illustration"/><OtherTag ID="BT15840" LABEL="TableZone" DESCRIPTION="block type TableZone"/><OtherTag ID="BT15841" LABEL="TitlePageZone" DESCRIPTION="block type TitlePageZone"/><OtherTag ID="BT15828" LABEL="DamageZone" DESCRIPTION="block type DamageZone"/><OtherTag ID="BT15829" LABEL="DecorationZone" DESCRIPTION="block type DecorationZone"/><OtherTag ID="BT15830" LABEL="DigitizationArtefactZone" DESCRIPTION="block type DigitizationArtefactZone"/><OtherTag ID="BT15831" LABEL="DropCapitalZone" DESCRIPTION="block type DropCapitalZone"/><OtherTag ID="BT15832" LABEL="MainZone" DESCRIPTION="block type MainZone"/><OtherTag ID="BT15833" LABEL="MarginTextZone" DESCRIPTION="block type MarginTextZone"/><OtherTag ID="BT15834" LABEL="MusicZone" DESCRIPTION="block type MusicZone"/><OtherTag ID="BT15835" LABEL="NumberingZone" DESCRIPTION="block type NumberingZone"/><OtherTag ID="BT15836" LABEL="QuireMarksZone" DESCRIPTION="block type QuireMarksZone"/><OtherTag ID="BT15837" LABEL="RunningTitleZone" DESCRIPTION="block type RunningTitleZone"/><OtherTag ID="BT15838" LABEL="SealZone" DESCRIPTION="block type SealZone"/><OtherTag ID="BT15839" LABEL="StampZone" DESCRIPTION="block type StampZone"/><OtherTag ID="BT15842" LABEL="text" DESCRIPTION="block type text"/>
    <OtherTag ID="LT1" LABEL="Main" DESCRIPTION="line type Main"/><OtherTag ID="LT2" LABEL="Numbering" DESCRIPTION="line type Numbering"/><OtherTag ID="LT3" LABEL="Correction" DESCRIPTION="line type Correction"/><OtherTag ID="LT4" LABEL="Signature" DESCRIPTION="line type Signature"/><OtherTag ID="LT6653" LABEL="DefaultLine" DESCRIPTION="line type DefaultLine"/><OtherTag ID="LT6654" LABEL="DropCapitalLine" DESCRIPTION="line type DropCapitalLine"/><OtherTag ID="LT6655" LABEL="HeadingLine" DESCRIPTION="line type HeadingLine"/><OtherTag ID="LT6656" LABEL="InterlinearLine" DESCRIPTION="line type InterlinearLine"/><OtherTag ID="LT6657" LABEL="default" DESCRIPTION="line type default"/>
  </Tags>
  
  <Layout>
    <Page WIDTH="1123"
          HEIGHT="1789"
          PHYSICAL_IMG_NR="8"
          ID="eSc_dummypage_">
      <PrintSpace HPOS="0"
                  VPOS="0"
                  WIDTH="1123"
                  HEIGHT="1789">
        
        <TextBlock HPOS="194"
                   VPOS="59"
                   WIDTH="893"
                   HEIGHT="1569"
                   ID="eSc_textblock_61c62512"
                   TAGREFS="BT15832">
          <Shape><Polygon POINTS="441 59 848 63 905 107 1059 115 1067 127 1087 1565 1051 1621 936 1628 884 1585 214 1577 206 1565 210 1168 194 1129 218 1076 226 115 254 99 373 103 441 59"/></Shape>
          
          
          <TextLine ID="eSc_line_a98389c4"
                    TAGREFS="LT6657"
                    BASELINE="233 151 1060 151" 
                    HPOS="233"
                    VPOS="101"
                    WIDTH="827"
                    HEIGHT="70">
            <Shape><Polygon POINTS="1059 117 1049 114 1039 114 1029 113 1019 112 1009 112 999 111 989 111 979 110 969 110 959 109 953 109 949 110 945 111 929 110 832 104 831 104 806 109 795 112 729 112 722 108 713 104 712 104 711 104 683 107 657 102 656 102 655 102 641 107 632 111 626 107 618 102 617 102 616 102 580 101 579 101 578 101 567 107 566 107 565 107 550 101 549 101 490 101 489 101 488 101 487 101 480 106 477 108 466 106 442 101 441 101 440 101 423 105 402 111 390 105 382 101 381 101 380 101 373 101 373 102 371 102 344 105 308 108 242 104 233 110 233 151 234 170 260 163 332 169 344 170 345 170 346 170 348 169 363 162 395 169 398 169 399 169 400 169 401 169 414 162 465 162 476 168 480 170 481 170 482 171 503 171 503 170 504 170 505 170 508 168 517 162 548 167 565 170 566 170 580 167 603 162 650 162 657 166 657 167 658 167 659 167 660 167 661 167 664 166 674 163 681 166 687 169 688 169 689 169 690 169 699 166 710 162 718 166 728 170 729 170 730 170 765 165 790 162 881 162 890 164 906 168 907 168 908 168 909 168 918 164 934 170 935 170 935 171 997 171 997 170 998 170 999 170 1005 165 1029 170 1030 170 1031 170 1060 162 1060 151 1060 118 1059 117"/></Shape>
	    <String CONTENT="sibilia secundum se considerata. Irascibilis vero, secundĩ"
                    HPOS="233"
                    VPOS="101"
                    WIDTH="827"
                    HEIGHT="70"
                    WC="0.987374853279631"></String>
          </TextLine>

          
          
          <TextLine ID="eSc_line_484cbcd7"
                    TAGREFS="LT6657"
                    BASELINE="232 202 1061 202" 
                    HPOS="232"
                    VPOS="161"
                    WIDTH="829"
                    HEIGHT="61">
            <Shape><Polygon POINTS="232 202 232 222 269 222 269 221 270 221 271 221 281 213 312 220 313 220 314 220 325 215 334 220 334 221 335 221 336 221 337 222 386 222 386 221 387 221 390 220 405 213 421 219 426 221 427 221 428 221 429 221 436 219 449 216 458 219 463 221 464 221 465 221 466 221 467 221 469 219 475 215 497 219 502 219 503 219 504 219 506 219 523 213 566 213 574 218 578 221 579 221 580 221 581 222 652 222 652 221 653 221 654 221 659 217 665 213 697 213 702 216 708 221 709 221 710 221 711 221 733 216 735 216 738 216 779 221 780 221 781 221 782 221 789 215 792 213 805 215 836 221 837 221 838 221 853 215 853 214 928 213 930 214 938 221 939 221 940 221 941 221 942 221 959 214 961 213 965 214 1000 221 1001 221 1002 221 1025 213 1026 213 1060 213 1061 202 1060 168 1005 161 1004 161 1003 161 989 167 964 161 963 161 962 161 923 167 903 161 902 161 850 161 849 161 848 161 829 167 810 161 809 161 767 161 766 161 765 161 764 161 755 167 754 167 723 167 671 167 658 161 657 161 607 161 606 161 605 161 604 161 595 167 594 168 572 168 571 167 562 161 561 161 561 161 526 161 525 161 524 161 511 167 510 168 447 168 445 167 426 161 425 161 424 161 395 167 392 167 387 167 354 162 353 162 352 162 341 167 339 167 232 167 232 202"/></Shape>
	    <String CONTENT="quam aggredimur &amp; resistimus prohibentibus &amp; noci¬"
                    HPOS="232"
                    VPOS="161"
                    WIDTH="829"
                    HEIGHT="61"
                    WC="0.9870191621780395"></String>
          </TextLine>

          
          
          <TextLine ID="eSc_line_f28793f6"
                    TAGREFS="LT6657"
                    BASELINE="231 255 1061 255" 
                    HPOS="231"
                    VPOS="212"
                    WIDTH="830"
                    HEIGHT="62">
            <Shape><Polygon POINTS="231 255 231 265 261 271 262 271 415 266 425 273 426 273 427 273 428 274 487 274 487 273 488 273 504 266 518 273 519 273 520 273 521 273 537 266 623 266 634 273 635 273 636 273 637 273 740 268 752 272 753 272 754 272 755 272 756 272 763 267 783 273 784 273 785 273 848 267 865 273 866 273 867 274 940 274 940 273 941 273 942 273 951 266 994 273 995 273 996 273 997 273 1008 266 1036 273 1037 273 1038 273 1039 273 1061 265 1061 255 1061 215 896 212 895 212 894 212 886 215 874 221 783 221 776 216 772 212 771 212 770 212 769 212 744 216 733 217 725 216 707 212 706 212 705 212 690 216 675 220 669 216 664 212 663 212 662 212 627 212 626 212 625 212 610 216 596 221 545 221 538 216 529 212 528 212 527 212 526 212 525 212 519 216 513 220 508 217 505 214 504 214 503 214 502 214 478 217 457 219 450 217 438 212 437 212 436 212 435 212 425 217 419 221 344 221 338 217 331 212 330 212 329 212 328 212 327 212 309 217 298 220 288 217 279 215 278 215 277 215 276 215 270 217 264 220 231 218 231 255"/></Shape>
	    <String CONTENT="uis, tendit in bona &amp; mala sensibilia, non secundum se"
                    HPOS="231"
                    VPOS="212"
                    WIDTH="830"
                    HEIGHT="62"
                    WC="0.9968520943765287"></String>
          </TextLine>

          
          
          <TextLine ID="eSc_line_a339737f"
                    TAGREFS="LT6657"
                    BASELINE="232 305 1061 307" 
                    HPOS="231"
                    VPOS="263"
                    WIDTH="830"
                    HEIGHT="62">
            <Shape><Polygon POINTS="232 305 231 324 296 325 297 325 298 325 299 325 300 324 308 319 317 324 319 325 320 325 321 325 459 325 459 325 471 324 519 317 578 317 591 323 592 323 593 323 594 323 607 317 646 317 665 323 675 325 676 325 677 325 699 323 730 318 773 323 791 324 792 324 793 324 797 322 806 318 822 322 825 323 826 323 827 323 847 322 924 318 935 322 946 325 947 325 948 325 980 322 1009 318 1021 322 1029 324 1030 324 1031 324 1060 321 1061 307 1059 265 1002 269 984 265 977 264 976 264 975 264 972 265 961 270 949 266 948 266 947 266 946 266 929 274 889 274 871 266 865 264 864 264 863 264 862 264 853 266 842 269 824 266 805 264 804 264 803 264 792 267 768 274 692 274 681 268 675 265 674 265 673 265 672 265 660 268 647 271 643 268 637 263 636 263 635 263 530 263 529 263 528 263 527 263 518 269 515 271 501 269 457 263 456 263 455 263 441 270 436 273 354 273 350 271 335 263 334 263 311 263 310 263 309 263 290 271 289 272 232 272 232 305"/></Shape>
	    <String CONTENT="considerata, sed vt habent rationem ardui &amp; difficilis:"
                    HPOS="231"
                    VPOS="263"
                    WIDTH="830"
                    HEIGHT="62"
                    WC="0.9802181211384859"></String>
          </TextLine>

          
          
          <TextLine ID="eSc_line_79c56cee"
                    TAGREFS="LT6657"
                    BASELINE="231 357 1065 357" 
                    HPOS="231"
                    VPOS="315"
                    WIDTH="834"
                    HEIGHT="64">
            <Shape><Polygon POINTS="231 357 232 378 256 370 290 375 291 375 330 371 352 377 353 377 354 377 355 377 357 377 386 370 430 376 445 378 446 378 447 378 452 376 466 370 483 376 491 378 492 378 493 379 538 379 538 378 539 378 540 378 544 375 551 370 562 375 566 376 567 376 568 376 581 375 614 370 628 374 640 378 641 378 642 379 661 379 661 378 662 378 663 378 669 374 674 370 683 374 694 378 695 378 696 379 723 379 723 378 724 378 735 373 742 370 749 373 756 375 757 375 758 375 759 375 768 373 774 371 777 373 785 378 786 378 787 378 788 378 835 372 852 370 861 372 889 378 890 379 949 379 949 378 993 370 996 370 998 370 1022 378 1023 378 1024 378 1025 378 1026 378 1038 370 1065 369 1065 357 1064 325 998 325 995 325 983 315 982 315 981 315 980 315 979 315 957 325 953 326 930 326 927 325 912 315 911 315 910 315 708 315 707 315 706 315 687 325 600 315 599 315 561 322 502 316 501 316 500 316 499 316 485 325 484 326 372 326 372 325 356 318 355 318 354 318 317 325 316 326 231 326 231 357"/></Shape>
	    <String CONTENT="sam arduitas &amp; difficultas potissime sunt repugnãtia et"
                    HPOS="231"
                    VPOS="315"
                    WIDTH="834"
                    HEIGHT="64"
                    WC="0.9978123254009655"></String>
          </TextLine>

          
          
          <TextLine ID="eSc_line_19abb900"
                    TAGREFS="LT6657"
                    BASELINE="234 412 1062 409" 
                    HPOS="234"
                    VPOS="368"
                    WIDTH="828"
                    HEIGHT="63">
            <Shape><Polygon POINTS="234 431 278 422 312 422 328 430 329 430 330 430 331 430 364 422 412 429 414 429 415 429 416 429 448 422 459 429 461 430 462 430 463 430 464 430 521 429 522 429 526 428 543 422 551 426 552 426 553 426 554 426 555 426 561 421 622 422 628 427 631 429 632 429 633 429 634 430 697 430 697 429 698 429 706 426 718 421 736 425 751 429 752 429 753 429 761 425 768 421 783 425 798 428 799 428 822 424 846 420 858 424 862 425 863 425 864 425 893 423 944 420 955 423 976 428 977 428 978 428 979 428 998 422 1000 422 1002 422 1040 428 1041 428 1042 428 1062 421 1062 409 1059 372 983 376 975 371 968 368 967 368 966 368 965 368 955 371 940 376 860 372 859 372 785 377 776 371 772 368 771 368 770 368 727 368 726 368 725 368 714 371 694 377 677 371 668 368 667 368 666 368 665 368 664 368 660 371 655 374 648 371 640 368 639 368 638 368 605 371 583 373 565 371 541 368 540 368 525 371 503 376 483 371 475 369 474 369 473 369 472 369 465 371 438 379 354 379 342 371 340 369 339 369 338 369 284 369 283 369 282 369 278 371 261 378 234 371 234 412 234 431"/></Shape>
	    <String CONTENT="prohibentia, ne possimus consequi bonum, &amp; vitare ma¬"
                    HPOS="234"
                    VPOS="368"
                    WIDTH="828"
                    HEIGHT="63"
                    WC="0.9982551617442437"></String>
          </TextLine>

          
          
          <TextLine ID="eSc_line_441f3c6a"
                    TAGREFS="LT6657"
                    BASELINE="231 461 1065 463" 
                    HPOS="230"
                    VPOS="417"
                    WIDTH="835"
                    HEIGHT="69">
            <Shape><Polygon POINTS="231 461 230 473 323 476 333 484 334 484 335 484 336 484 421 483 422 483 448 474 496 484 497 484 623 483 624 483 625 483 640 474 642 474 699 483 700 483 701 483 723 475 749 485 750 485 751 485 798 484 799 484 828 475 847 485 848 485 849 486 874 486 874 485 875 485 876 485 889 475 905 480 906 480 907 480 967 475 986 481 987 481 988 481 989 481 990 481 1000 475 1064 475 1065 463 1064 430 1015 418 1014 418 983 423 977 418 976 418 975 418 818 418 817 418 816 418 800 426 783 422 782 422 781 422 780 422 759 429 757 430 650 430 648 429 627 417 626 417 625 417 516 428 513 429 472 429 470 428 422 417 421 417 420 417 397 428 396 428 392 428 338 421 337 421 309 428 306 428 231 428 231 461"/></Shape>
	    <String CONTENT="lum. Imperfecte ergo egisset natura, si dedisset animali¬"
                    HPOS="230"
                    VPOS="417"
                    WIDTH="835"
                    HEIGHT="69"
                    WC="0.994990911400109"></String>
          </TextLine>

          
          
          <TextLine ID="eSc_line_1f8bf437"
                    TAGREFS="LT6657"
                    BASELINE="232 515 1064 513" 
                    HPOS="231"
                    VPOS="475"
                    WIDTH="833"
                    HEIGHT="55">
            <Shape><Polygon POINTS="232 515 232 530 1063 530 1064 513 1062 475 989 475 988 475 987 475 964 484 928 484 918 477 917 477 916 477 915 477 878 483 846 475 843 475 842 475 826 475 645 485 515 485 486 477 483 476 482 476 405 476 404 476 403 476 401 477 393 481 375 477 374 477 373 477 370 477 331 484 303 477 300 477 299 477 298 477 297 477 285 482 271 477 266 476 265 476 264 476 231 477 232 515"/></Shape>
	    <String CONTENT="bus concupiscibilem, per quam vitarent mala &amp; prose¬"
                    HPOS="231"
                    VPOS="475"
                    WIDTH="833"
                    HEIGHT="55"
                    WC="0.9894440919160843"></String>
          </TextLine>

          
          
          <TextLine ID="eSc_line_52fa7dc8"
                    TAGREFS="LT6657"
                    BASELINE="231 568 1067 566" 
                    HPOS="230"
                    VPOS="523"
                    WIDTH="837"
                    HEIGHT="66">
            <Shape><Polygon POINTS="231 568 231 589 274 581 290 587 291 587 292 587 293 587 320 579 330 584 331 584 441 587 442 587 490 581 511 588 512 588 513 588 589 579 602 588 603 588 604 588 605 589 625 589 637 589 637 588 638 588 662 578 764 578 777 587 778 587 779 587 780 587 825 578 883 584 884 584 885 584 894 580 905 587 906 587 907 587 908 588 933 588 933 587 934 587 935 587 947 579 972 587 973 587 974 587 1007 581 1065 587 1067 566 1064 524 1027 525 1026 525 1025 525 1013 534 887 534 869 526 860 523 859 523 802 523 801 523 800 523 799 523 792 527 788 530 779 528 772 526 771 526 770 526 737 528 671 533 663 529 651 523 650 523 649 523 603 530 590 532 587 530 578 526 577 526 576 526 554 530 466 524 465 524 464 524 454 529 441 524 440 524 439 524 438 524 437 524 425 533 423 534 419 533 397 526 396 526 395 526 394 526 374 533 373 534 363 534 271 527 270 527 230 535 231 568"/></Shape>
	    <String CONTENT="querentur bona, nisi dedisset eis irascibitem, per quam"
                    HPOS="230"
                    VPOS="523"
                    WIDTH="837"
                    HEIGHT="66"
                    WC="0.995080980387601"></String>
          </TextLine>

          
          
          <TextLine ID="eSc_line_ae611530"
                    TAGREFS="LT6657"
                    BASELINE="232 620 1063 617" 
                    HPOS="231"
                    VPOS="574"
                    WIDTH="832"
                    HEIGHT="67">
            <Shape><Polygon POINTS="232 620 232 641 290 640 291 640 306 632 331 632 342 640 343 640 344 640 345 640 348 640 388 632 474 638 508 640 509 640 510 640 515 637 528 631 543 637 544 637 545 637 546 637 549 637 583 631 609 636 625 639 626 639 651 635 679 631 691 635 703 639 704 639 705 639 706 639 707 639 714 634 718 632 729 634 748 638 749 638 769 634 786 630 814 630 820 633 824 636 825 636 826 636 827 636 828 636 835 633 841 630 895 630 903 632 924 637 925 637 1032 638 1033 638 1034 638 1063 629 1063 617 1060 583 982 584 980 583 967 574 966 574 965 574 964 574 963 574 962 574 949 583 947 585 913 585 911 583 899 575 898 575 897 575 856 574 855 574 854 574 830 584 829 585 762 585 760 584 739 575 738 575 657 575 656 575 655 575 654 575 641 585 624 585 615 585 595 575 594 575 544 575 543 575 542 575 510 585 481 576 480 576 479 576 435 584 428 579 427 579 426 579 425 579 424 579 408 583 322 576 321 576 320 576 299 586 286 581 285 581 284 581 231 587 232 620"/></Shape>
	    <String CONTENT="aggrederentur impedientia delectationem illam: vt igi¬"
                    HPOS="231"
                    VPOS="574"
                    WIDTH="832"
                    HEIGHT="67"
                    WC="0.9751354787084792"></String>
          </TextLine>

          
          
          <TextLine ID="eSc_line_2c85a453"
                    TAGREFS="LT6657"
                    BASELINE="229 670 1067 670" 
                    HPOS="229"
                    VPOS="628"
                    WIDTH="838"
                    HEIGHT="61">
            <Shape><Polygon POINTS="229 670 229 681 281 687 282 687 338 682 344 682 346 682 367 689 368 689 369 689 370 689 387 682 389 682 391 682 412 689 413 689 414 689 471 683 483 682 488 683 506 688 507 688 508 688 509 688 524 683 528 682 533 683 550 689 551 689 552 689 609 684 631 682 648 684 686 689 687 689 726 684 748 682 770 685 803 689 804 689 805 689 806 689 812 685 817 682 901 682 907 686 910 688 911 688 912 688 913 688 925 686 939 682 954 686 966 689 967 689 968 689 998 686 1029 683 1034 686 1038 689 1039 689 1040 689 1041 689 1067 686 1067 670 1066 632 919 638 908 633 904 631 903 631 902 631 871 633 843 635 839 633 826 628 825 628 770 628 769 628 768 628 752 634 750 635 748 634 738 628 737 628 736 628 700 634 692 628 691 628 690 628 663 628 662 628 621 635 605 638 601 635 593 629 592 629 591 629 590 629 589 629 570 636 568 636 566 636 533 628 532 628 531 628 530 628 517 636 512 639 469 639 465 637 445 628 444 628 375 628 374 628 374 628 344 638 341 639 229 639 229 670"/></Shape>
	    <String CONTENT="tur animalia, secundum modum sibi conuenientem, prout"
                    HPOS="229"
                    VPOS="628"
                    WIDTH="838"
                    HEIGHT="61"
                    WC="0.9946758679623874"></String>
          </TextLine>

          
          
          <TextLine ID="eSc_line_977a2c45"
                    TAGREFS="LT6657"
                    BASELINE="230 724 1061 721" 
                    HPOS="229"
                    VPOS="678"
                    WIDTH="832"
                    HEIGHT="67">
            <Shape><Polygon POINTS="230 724 230 734 264 742 265 742 266 742 282 734 283 734 284 734 309 744 310 744 311 745 364 745 364 744 365 744 389 734 401 743 402 743 403 743 404 743 405 743 436 734 437 734 477 744 478 744 479 744 480 744 502 734 508 734 541 734 552 743 553 743 554 743 555 743 556 743 585 733 588 733 657 733 675 733 690 743 691 743 692 743 693 744 741 744 741 743 793 733 799 732 802 733 824 742 825 742 826 742 869 734 924 742 925 742 926 742 960 733 991 741 992 741 993 741 994 741 1019 734 1035 741 1036 741 1037 741 1038 741 1061 732 1061 721 1057 679 1033 688 978 688 965 680 963 678 962 678 961 678 921 678 920 678 919 678 915 680 902 687 842 682 841 682 840 682 828 686 821 681 817 678 816 678 815 678 814 678 733 679 732 679 722 682 697 689 596 689 586 683 582 681 581 681 580 681 559 683 513 688 506 684 501 680 500 680 499 680 460 680 459 680 458 680 457 680 452 684 448 687 433 684 411 680 410 680 409 680 400 684 398 685 393 685 361 680 360 680 359 680 347 685 337 689 325 685 309 680 308 680 240 680 239 680 238 680 229 684 230 724"/></Shape>
	    <String CONTENT="bene possint delectari per concupiscibilẽ, data est eis ira¬"
                    HPOS="229"
                    VPOS="678"
                    WIDTH="832"
                    HEIGHT="67"
                    WC="0.988598286128435"></String>
          </TextLine>

          
          
          <TextLine ID="eSc_line_4c621b0d"
                    TAGREFS="LT6657"
                    BASELINE="232 777 1067 773" 
                    HPOS="231"
                    VPOS="731"
                    WIDTH="836"
                    HEIGHT="67">
            <Shape><Polygon POINTS="232 777 233 798 249 792 268 797 269 797 270 797 271 797 272 797 283 789 331 797 336 797 337 797 341 797 365 792 413 795 439 797 440 797 454 795 493 788 507 794 512 796 513 796 514 797 546 797 546 796 547 796 548 796 552 793 561 788 615 788 628 792 640 796 641 796 642 796 643 796 644 796 649 792 655 787 696 791 736 795 737 795 758 790 773 787 799 790 816 791 817 791 856 789 900 786 905 788 920 794 921 794 922 794 983 789 993 794 994 794 995 794 1066 785 1067 773 1066 743 1029 731 1028 731 1027 731 1026 731 1004 742 977 732 976 732 975 732 974 732 954 742 954 743 925 743 925 742 907 733 906 733 905 733 904 733 903 733 891 742 890 743 851 743 824 742 824 741 806 732 805 732 804 732 765 735 764 735 763 735 755 741 751 744 705 744 696 741 666 732 665 732 664 732 588 733 587 733 561 740 561 740 560 740 516 733 515 733 486 740 480 741 476 740 458 733 457 733 456 733 455 733 454 733 445 740 437 745 417 745 322 745 312 739 304 734 303 734 302 734 301 734 231 738 232 777"/></Shape>
	    <String CONTENT="scibilis, per quam resistant &amp; aggrediantur impedientia"
                    HPOS="231"
                    VPOS="731"
                    WIDTH="836"
                    HEIGHT="67"
                    WC="0.9931712248108604"></String>
          </TextLine>

          
          
          <TextLine ID="eSc_line_4076fc56"
                    TAGREFS="LT6657"
                    BASELINE="229 826 1065 828" 
                    HPOS="228"
                    VPOS="786"
                    WIDTH="837"
                    HEIGHT="61">
            <Shape><Polygon POINTS="229 826 228 835 244 845 245 845 246 845 247 845 300 837 410 845 411 845 412 845 436 837 440 836 487 837 488 838 495 844 496 844 497 844 498 844 499 844 513 838 519 836 614 836 649 840 665 842 666 842 674 841 691 837 701 841 713 846 714 846 715 847 745 847 745 846 746 846 747 846 752 842 759 838 767 842 775 846 776 846 777 847 817 847 817 846 818 846 825 843 837 837 858 843 867 846 868 846 869 846 870 846 876 844 884 840 893 844 898 846 899 846 900 847 976 847 976 846 977 846 980 845 1001 837 1063 846 1065 828 1062 789 1049 796 1031 789 1025 787 1024 787 964 787 963 787 962 787 954 790 938 796 927 790 921 787 920 787 919 787 918 787 917 787 912 790 901 797 851 791 834 789 833 789 832 789 831 789 829 791 822 796 795 791 792 791 791 791 790 791 789 791 777 798 695 798 684 792 677 789 676 789 675 789 674 789 663 792 648 797 640 792 630 786 629 786 628 786 627 786 555 787 554 787 542 793 536 797 500 797 495 794 479 786 478 786 451 786 450 786 449 786 433 794 429 797 350 797 344 795 313 786 312 786 277 786 276 786 275 786 274 786 267 792 258 786 257 786 256 786 255 786 254 786 229 795 229 826"/></Shape>
	    <String CONTENT="delectationem illam. Duplex ẽ ergo appetitus sensitiuus,"
                    HPOS="228"
                    VPOS="786"
                    WIDTH="837"
                    HEIGHT="61"
                    WC="0.9922894375366077"></String>
          </TextLine>

          
          
          <TextLine ID="eSc_line_01bbfeb7"
                    TAGREFS="LT6657"
                    BASELINE="228 882 1067 878" 
                    HPOS="227"
                    VPOS="836"
                    WIDTH="840"
                    HEIGHT="63">
            <Shape><Polygon POINTS="228 882 228 891 288 899 289 899 290 899 291 899 300 892 318 897 319 897 320 897 359 892 386 898 387 898 388 898 403 892 455 898 456 898 457 898 470 892 554 898 555 898 556 898 569 891 571 891 655 895 656 895 679 890 682 890 683 890 693 897 694 897 695 897 696 897 781 890 789 890 791 890 809 897 810 897 811 897 835 892 851 897 852 897 853 897 897 891 910 895 911 895 912 895 913 895 914 895 922 890 923 890 929 890 1059 896 1060 896 1061 896 1062 896 1067 891 1067 878 1065 842 1037 836 1036 836 1035 836 1019 842 1016 843 1007 842 982 839 981 839 980 839 979 839 974 842 968 846 935 843 924 842 923 842 878 843 779 847 774 844 766 840 765 840 764 840 736 845 721 847 716 845 698 837 697 837 696 837 618 838 617 838 616 838 607 845 577 838 521 838 520 838 519 838 501 847 498 849 442 849 438 848 406 840 405 840 404 840 376 848 374 849 372 848 355 839 354 839 292 839 291 839 227 849 228 882"/></Shape>
	    <String CONTENT="irascibilis, &amp; concupiscibilis- Appetitus autem intellecti¬"
                    HPOS="227"
                    VPOS="836"
                    WIDTH="840"
                    HEIGHT="63"
                    WC="0.9814183934260223"></String>
          </TextLine>

          
          
          <TextLine ID="eSc_line_bcaa2770"
                    TAGREFS="LT6657"
                    BASELINE="227 934 1065 930" 
                    HPOS="226"
                    VPOS="888"
                    WIDTH="839"
                    HEIGHT="61">
            <Shape><Polygon POINTS="227 934 227 943 325 949 326 949 327 949 346 943 347 943 410 943 422 943 449 948 450 948 451 948 470 942 472 942 475 942 516 948 517 948 518 948 536 942 549 948 550 948 551 949 592 949 592 948 593 948 606 941 617 941 707 941 708 941 729 947 730 947 731 947 732 947 744 941 746 941 854 947 855 947 924 940 925 940 940 945 941 945 942 945 965 940 980 946 981 946 982 947 1052 947 1052 946 1053 946 1054 946 1065 939 1065 930 1061 889 1031 899 870 899 858 892 852 888 851 888 850 888 831 888 830 888 829 888 819 892 808 898 800 893 793 888 792 888 791 888 773 888 772 888 744 894 716 899 699 894 682 889 681 889 643 888 642 888 560 889 559 889 539 897 537 897 535 897 495 889 494 889 493 889 476 898 471 900 443 898 374 893 373 893 372 893 371 893 362 899 358 902 291 902 289 901 274 894 273 894 272 894 226 901 227 934"/></Shape>
	    <String CONTENT="uus, qui dicitur voluntas, remanet indiuisus. Nam cũ in¬"
                    HPOS="226"
                    VPOS="888"
                    WIDTH="839"
                    HEIGHT="61"
                    WC="0.9932466578065303"></String>
          </TextLine>

          
          
          <TextLine ID="eSc_line_77b2e4f1"
                    TAGREFS="LT6657"
                    BASELINE="227 985 862 982 1065 986" 
                    HPOS="226"
                    VPOS="938"
                    WIDTH="839"
                    HEIGHT="66">
            <Shape><Polygon POINTS="227 985 227 994 328 1002 329 1002 357 996 365 994 374 996 414 1003 415 1004 471 1004 471 1003 472 1003 495 997 507 993 666 993 674 998 679 1002 680 1002 681 1002 682 1003 718 1003 718 1002 719 1002 732 999 754 993 813 999 840 1002 841 1002 868 1000 941 993 963 1001 964 1001 965 1001 966 1001 967 1001 968 1001 980 997 998 1001 1004 1002 1005 1002 1006 1002 1009 1001 1021 996 1030 1001 1031 1002 1032 1002 1033 1002 1034 1002 1064 1001 1065 986 1063 938 1038 941 1037 941 1036 941 1026 950 994 950 979 940 978 940 977 940 976 940 975 940 962 945 915 940 901 939 900 939 899 939 895 940 873 949 829 941 813 939 766 939 765 939 764 939 763 939 759 943 753 947 748 943 744 939 743 939 742 939 710 939 709 939 708 939 698 944 687 950 649 950 642 945 634 939 633 939 632 939 631 939 630 939 607 945 593 949 584 946 578 943 577 943 576 943 575 943 565 946 551 951 520 951 515 947 506 940 505 940 504 940 444 940 443 940 442 940 426 948 422 951 353 951 348 950 301 942 300 942 299 942 283 947 267 940 266 940 265 940 264 940 226 951 227 985"/></Shape>
	    <String CONTENT="tellectus vniuersaliori modo respiciat suum obiectum "
                    HPOS="226"
                    VPOS="938"
                    WIDTH="839"
                    HEIGHT="66"
                    WC="0.9855061339007484"></String>
          </TextLine>

          
          
          <TextLine ID="eSc_line_97c2a0a6"
                    TAGREFS="LT6657"
                    BASELINE="228 1038 1068 1034" 
                    HPOS="227"
                    VPOS="989"
                    WIDTH="841"
                    HEIGHT="70">
            <Shape><Polygon POINTS="228 1038 229 1059 253 1050 287 1058 288 1058 289 1058 290 1058 291 1058 308 1048 363 1057 370 1058 371 1059 400 1059 400 1058 401 1058 402 1058 404 1057 415 1050 431 1056 436 1058 437 1058 438 1058 439 1058 445 1056 468 1047 634 1051 635 1051 636 1051 652 1046 679 1052 696 1056 697 1057 821 1057 821 1056 822 1056 844 1050 858 1046 874 1049 892 1053 893 1053 894 1053 902 1049 906 1047 922 1049 936 1050 937 1050 938 1050 944 1048 956 1045 981 1048 1011 1051 1012 1051 1013 1051 1014 1051 1019 1047 1035 1055 1036 1055 1037 1055 1038 1055 1068 1046 1068 1034 1066 1000 981 989 980 989 979 989 965 994 944 989 943 989 942 989 941 989 916 999 862 990 861 990 860 990 830 1001 804 1001 789 990 788 990 787 990 746 990 745 990 699 1001 646 1001 618 991 617 991 616 991 582 996 554 991 553 991 552 991 528 1002 451 1002 440 994 439 994 438 994 437 994 436 994 435 994 427 1000 395 992 394 992 393 992 392 992 362 1001 309 992 254 992 253 992 252 992 227 1002 228 1038"/></Shape>
	    <String CONTENT="sensus, appetitus intellectiuus, qui sequitur intellectum"
                    HPOS="227"
                    VPOS="989"
                    WIDTH="841"
                    HEIGHT="70"
                    WC="0.9933507421560455"></String>
          </TextLine>

          
          
          <TextLine ID="eSc_line_4f8ee333"
                    TAGREFS="LT6657"
                    BASELINE="227 1090 1067 1086" 
                    HPOS="226"
                    VPOS="1046"
                    WIDTH="841"
                    HEIGHT="63">
            <Shape><Polygon POINTS="227 1090 227 1099 249 1099 250 1099 268 1108 269 1108 270 1108 300 1101 309 1108 310 1108 311 1108 312 1109 363 1109 363 1108 364 1108 365 1108 377 1100 450 1103 451 1103 452 1103 453 1103 458 1099 459 1098 466 1099 502 1107 503 1107 547 1099 556 1097 740 1097 744 1099 758 1106 759 1106 760 1106 794 1101 848 1106 849 1106 850 1106 867 1099 870 1098 914 1098 915 1099 925 1105 926 1105 927 1105 928 1106 951 1106 951 1105 952 1105 953 1105 963 1099 966 1097 974 1099 1002 1105 1003 1105 1066 1098 1067 1086 1064 1046 1026 1047 1025 1047 1024 1047 1012 1056 967 1047 958 1046 942 1046 941 1046 940 1046 939 1046 937 1048 927 1056 853 1058 796 1058 787 1051 786 1051 785 1051 784 1051 726 1056 693 1052 650 1047 649 1047 648 1047 647 1047 640 1053 635 1057 620 1053 605 1050 604 1050 603 1050 587 1054 579 1056 572 1054 553 1048 552 1048 487 1048 486 1048 485 1048 470 1056 469 1057 433 1059 412 1057 336 1049 335 1049 334 1049 313 1059 226 1060 227 1090"/></Shape>
	    <String CONTENT="vniuersaliori modo, fertur in bonum,  appetitus secundũ"
                    HPOS="226"
                    VPOS="1046"
                    WIDTH="841"
                    HEIGHT="63"
                    WC="0.9978843279052199"></String>
          </TextLine>

          
          
          <TextLine ID="eSc_line_50e1222f"
                    TAGREFS="LT6657"
                    BASELINE="224 1140 1065 1138" 
                    HPOS="223"
                    VPOS="1094"
                    WIDTH="842"
                    HEIGHT="68">
            <Shape><Polygon POINTS="224 1140 224 1162 260 1157 281 1161 282 1161 283 1161 284 1161 294 1154 307 1157 308 1157 309 1157 337 1151 380 1151 409 1161 410 1161 411 1162 456 1162 456 1161 457 1161 476 1153 514 1160 515 1160 516 1160 517 1160 534 1150 595 1150 625 1160 626 1160 627 1160 706 1152 725 1159 726 1159 727 1159 728 1159 746 1149 795 1149 839 1149 863 1159 864 1159 865 1159 926 1156 927 1156 944 1149 1008 1159 1009 1160 1064 1160 1065 1138 1063 1096 980 1096 979 1096 973 1097 933 1104 921 1097 914 1094 913 1094 888 1094 887 1094 886 1094 885 1094 880 1098 870 1104 800 1099 795 1099 794 1099 793 1099 792 1099 778 1104 764 1099 751 1095 750 1095 697 1095 696 1095 695 1095 673 1101 660 1104 650 1101 634 1095 633 1095 632 1095 631 1095 630 1095 620 1101 616 1104 585 1105 575 1102 564 1098 563 1098 562 1098 561 1098 561 1098 555 1102 549 1106 475 1106 467 1103 449 1096 448 1096 371 1096 370 1096 369 1096 341 1105 337 1107 308 1107 306 1105 297 1099 296 1099 295 1099 294 1099 223 1106 224 1140"/></Shape>
	    <String CONTENT="sensum: &amp; quia quanto aliquid sub vniuersaliori modo"
                    HPOS="223"
                    VPOS="1094"
                    WIDTH="842"
                    HEIGHT="68"
                    WC="0.9890035516940631"></String>
          </TextLine>

          
          
          <TextLine ID="eSc_line_e1e21d0c"
                    TAGREFS="LT6657"
                    BASELINE="223 1194 607 1190 1064 1192" 
                    HPOS="222"
                    VPOS="1150"
                    WIDTH="842"
                    HEIGHT="60">
            <Shape><Polygon POINTS="223 1194 223 1210 397 1202 448 1202 458 1209 459 1209 460 1209 461 1209 462 1209 463 1209 483 1202 570 1202 583 1207 584 1207 585 1207 586 1207 598 1202 625 1207 626 1207 627 1207 643 1202 745 1202 773 1207 790 1209 791 1209 792 1209 802 1206 821 1201 852 1206 866 1208 867 1208 881 1206 903 1202 921 1206 935 1208 935 1209 973 1209 973 1208 974 1208 980 1205 987 1201 1007 1205 1020 1207 1021 1207 1063 1204 1064 1192 1063 1161 1005 1160 989 1150 988 1150 987 1150 986 1150 920 1157 899 1150 898 1150 897 1150 896 1150 878 1160 863 1150 862 1150 861 1150 860 1150 827 1155 793 1150 792 1150 756 1151 755 1151 754 1151 738 1161 737 1162 705 1162 704 1161 685 1152 684 1152 683 1152 682 1152 662 1161 661 1161 660 1161 623 1151 622 1151 621 1151 620 1151 619 1151 606 1159 589 1151 588 1151 587 1151 586 1151 566 1157 522 1151 521 1151 520 1151 495 1161 475 1154 474 1154 473 1154 438 1161 437 1161 436 1161 397 1156 396 1156 358 1161 350 1155 349 1155 348 1155 347 1155 319 1161 299 1156 298 1156 297 1156 222 1161 223 1194"/></Shape>
	    <String CONTENT="accipitur, tanto vnum &amp; idem existens ad plura se ex¬"
                    HPOS="222"
                    VPOS="1150"
                    WIDTH="842"
                    HEIGHT="60"
                    WC="0.991132046816484"></String>
          </TextLine>

          
          
          <TextLine ID="eSc_line_29462943"
                    TAGREFS="LT6657"
                    BASELINE="222 1245 1066 1242" 
                    HPOS="222"
                    VPOS="1197"
                    WIDTH="844"
                    HEIGHT="68">
            <Shape><Polygon POINTS="222 1260 274 1256 284 1260 290 1263 291 1263 292 1263 309 1260 337 1256 371 1260 379 1261 380 1261 386 1260 410 1256 416 1260 421 1264 422 1264 423 1264 424 1265 469 1265 469 1264 470 1264 471 1264 476 1260 479 1258 485 1260 495 1264 496 1264 497 1264 498 1264 507 1260 519 1255 526 1260 529 1263 530 1263 531 1263 532 1264 601 1264 601 1263 602 1263 603 1263 606 1260 614 1255 647 1255 656 1260 660 1263 661 1263 662 1263 663 1264 701 1264 701 1263 702 1263 703 1263 707 1260 713 1256 743 1260 753 1261 754 1261 760 1260 785 1254 884 1259 885 1259 914 1254 924 1260 927 1262 928 1262 929 1262 930 1262 1065 1259 1066 1242 1062 1197 1036 1204 1009 1197 1008 1197 1007 1197 1006 1197 984 1205 926 1197 920 1197 919 1197 916 1197 883 1206 849 1206 835 1198 833 1197 832 1197 831 1197 710 1198 709 1198 708 1198 694 1207 625 1207 612 1200 611 1200 610 1200 577 1206 560 1199 559 1199 558 1199 557 1199 554 1199 513 1206 481 1199 477 1199 476 1199 475 1199 474 1199 461 1208 439 1208 365 1200 350 1199 349 1199 339 1200 294 1207 269 1200 263 1199 262 1199 261 1199 260 1199 256 1201 241 1207 222 1201 222 1245 222 1260"/></Shape>
	    <String CONTENT="tendit, licet appetitus sensitiuus sit alius &amp; alius, secũdũ"
                    HPOS="222"
                    VPOS="1197"
                    WIDTH="844"
                    HEIGHT="68"
                    WC="0.9939430827094663"></String>
          </TextLine>

          
          
          <TextLine ID="eSc_line_f04a8ae4"
                    TAGREFS="LT6657"
                    BASELINE="222 1299 1064 1293" 
                    HPOS="221"
                    VPOS="1252"
                    WIDTH="843"
                    HEIGHT="67">
            <Shape><Polygon POINTS="222 1299 222 1315 246 1319 247 1319 248 1319 249 1319 254 1315 262 1310 291 1314 292 1314 293 1314 294 1314 302 1309 311 1314 321 1319 322 1319 323 1319 425 1318 426 1318 427 1318 434 1313 437 1310 447 1312 462 1316 463 1316 464 1316 465 1316 476 1312 488 1307 527 1307 550 1311 581 1317 582 1317 583 1317 584 1317 595 1310 602 1306 669 1306 681 1309 691 1312 692 1312 693 1312 694 1312 695 1312 699 1309 705 1306 734 1306 742 1308 763 1316 764 1316 765 1316 766 1316 794 1308 801 1306 815 1307 855 1312 856 1312 857 1312 868 1307 872 1305 880 1306 922 1315 923 1315 924 1315 941 1310 946 1314 947 1314 948 1314 949 1314 950 1314 969 1305 973 1304 978 1305 1009 1314 1010 1314 1011 1315 1045 1315 1045 1314 1046 1314 1064 1304 1064 1293 1062 1257 929 1257 928 1257 920 1258 903 1262 874 1262 869 1259 854 1252 853 1252 852 1252 851 1252 830 1260 829 1260 828 1260 813 1252 812 1252 783 1252 782 1252 675 1261 644 1253 643 1253 642 1253 641 1253 611 1262 561 1254 561 1254 560 1254 544 1262 518 1254 517 1254 516 1254 515 1254 485 1264 481 1265 473 1264 441 1260 440 1260 409 1265 407 1265 393 1256 392 1256 391 1256 363 1255 362 1255 290 1256 289 1256 269 1267 221 1267 222 1299"/></Shape>
	    <String CONTENT="quem prosequimur delectabilia, &amp; secundum quem ag¬"
                    HPOS="221"
                    VPOS="1252"
                    WIDTH="843"
                    HEIGHT="67"
                    WC="0.996486634016037"></String>
          </TextLine>

          
          
          <TextLine ID="eSc_line_c94e3b7b"
                    TAGREFS="LT6657"
                    BASELINE="220 1350 1065 1345" 
                    HPOS="219"
                    VPOS="1306"
                    WIDTH="846"
                    HEIGHT="61">
            <Shape><Polygon POINTS="220 1350 220 1367 283 1359 343 1365 344 1365 345 1365 365 1358 386 1362 387 1362 388 1362 409 1357 503 1363 505 1363 506 1363 507 1363 520 1357 529 1363 531 1365 532 1365 533 1365 534 1366 558 1366 558 1365 574 1362 612 1356 780 1356 786 1359 792 1363 793 1363 794 1363 795 1363 842 1358 870 1356 892 1358 930 1361 931 1361 932 1361 946 1357 954 1355 961 1357 984 1362 985 1363 1047 1363 1047 1362 1048 1362 1065 1355 1065 1345 1062 1312 894 1316 888 1313 876 1306 875 1306 874 1306 826 1306 825 1306 824 1306 805 1314 800 1316 784 1314 765 1312 764 1312 739 1315 714 1317 706 1315 681 1307 680 1307 608 1307 607 1307 606 1307 605 1307 592 1316 590 1317 579 1316 552 1313 551 1313 520 1317 507 1318 505 1317 493 1308 492 1308 491 1308 446 1308 445 1308 444 1308 420 1318 418 1318 416 1318 402 1314 401 1314 400 1314 353 1318 341 1319 335 1318 284 1309 283 1309 282 1309 281 1309 272 1316 219 1319 220 1350"/></Shape>
	    <String CONTENT="gredimur terribilia: appetitus tamen intellectiuus vnus &amp;"
                    HPOS="219"
                    VPOS="1306"
                    WIDTH="846"
                    HEIGHT="61"
                    WC="0.9878915203245062"></String>
          </TextLine>

          
          
          <TextLine ID="eSc_line_2909b860"
                    TAGREFS="LT6657"
                    BASELINE="218 1401 1073 1397" 
                    HPOS="217"
                    VPOS="1355"
                    WIDTH="856"
                    HEIGHT="65">
            <Shape><Polygon POINTS="218 1401 218 1417 301 1410 313 1417 316 1419 317 1419 318 1419 319 1420 366 1420 366 1419 367 1419 374 1417 394 1410 404 1417 407 1419 408 1419 409 1419 410 1419 481 1418 482 1418 486 1417 505 1410 617 1413 618 1413 648 1408 723 1408 737 1414 738 1414 739 1414 762 1409 771 1416 773 1417 774 1417 775 1417 776 1417 785 1415 817 1409 831 1415 835 1417 836 1417 837 1417 877 1416 878 1416 879 1416 880 1415 889 1410 917 1415 925 1416 926 1416 932 1415 956 1409 991 1413 992 1413 993 1413 994 1413 1002 1408 1027 1415 1029 1415 1030 1415 1031 1415 1072 1414 1073 1397 1071 1367 1040 1367 1018 1355 1017 1355 1016 1355 965 1366 940 1355 939 1355 860 1355 859 1355 828 1356 827 1356 803 1367 777 1362 776 1362 702 1367 680 1356 679 1356 653 1356 652 1356 651 1356 650 1356 643 1363 584 1369 551 1369 533 1357 532 1357 531 1357 530 1357 529 1357 506 1369 475 1369 455 1358 454 1358 453 1358 452 1358 417 1370 392 1370 364 1358 363 1358 362 1358 361 1358 360 1358 342 1369 321 1362 320 1362 319 1362 318 1362 291 1369 255 1358 254 1358 253 1358 252 1358 251 1358 235 1370 217 1370 218 1401"/></Shape>
	    <String CONTENT="idem existens fertur in omne bonum intelligibile Nõ er¬"
                    HPOS="217"
                    VPOS="1355"
                    WIDTH="856"
                    HEIGHT="65"
                    WC="0.9850373257483754"></String>
          </TextLine>

          
          
          <TextLine ID="eSc_line_a905fcd2"
                    TAGREFS="LT6657"
                    BASELINE="218 1454 1073 1449" 
                    HPOS="217"
                    VPOS="1408"
                    WIDTH="856"
                    HEIGHT="66">
            <Shape><Polygon POINTS="218 1454 218 1474 256 1467 280 1473 281 1473 282 1473 287 1473 356 1471 357 1471 388 1463 417 1471 420 1472 421 1472 422 1473 463 1473 463 1472 464 1472 465 1472 467 1471 478 1463 532 1463 545 1469 549 1471 550 1471 551 1471 561 1469 595 1463 704 1463 722 1467 736 1470 737 1470 738 1470 765 1466 798 1462 839 1465 856 1466 857 1466 858 1466 863 1464 869 1463 875 1464 891 1470 892 1470 893 1470 927 1465 995 1469 996 1469 997 1469 1010 1463 1019 1469 1020 1469 1021 1469 1022 1470 1057 1470 1057 1469 1058 1469 1073 1462 1073 1449 1070 1408 1017 1420 958 1420 918 1410 906 1408 905 1408 904 1408 899 1411 881 1421 851 1421 836 1412 834 1410 833 1410 832 1410 831 1410 812 1412 794 1414 780 1413 748 1409 747 1409 720 1414 681 1421 667 1415 656 1410 655 1410 594 1410 593 1410 592 1410 577 1416 568 1420 557 1417 547 1414 546 1414 545 1414 544 1414 543 1414 539 1417 531 1422 495 1418 486 1417 485 1417 451 1418 363 1423 357 1420 344 1412 343 1412 342 1412 341 1412 340 1412 323 1421 319 1423 315 1421 303 1413 302 1413 301 1413 300 1413 299 1413 298 1413 286 1421 282 1423 217 1423 218 1454"/></Shape>
	    <String CONTENT="go est alius appetitus intellectiuus, secundum quem prose"
                    HPOS="217"
                    VPOS="1408"
                    WIDTH="856"
                    HEIGHT="66"
                    WC="0.993750810623169"></String>
          </TextLine>

          
          
          <TextLine ID="eSc_line_b08940e8"
                    TAGREFS="LT6657"
                    BASELINE="214 1505 1075 1501" 
                    HPOS="213"
                    VPOS="1462"
                    WIDTH="862"
                    HEIGHT="63">
            <Shape><Polygon POINTS="214 1505 214 1525 259 1524 260 1524 261 1524 274 1515 322 1520 323 1521 323 1520 371 1515 388 1521 389 1521 390 1521 429 1515 439 1522 440 1522 441 1522 442 1522 443 1522 445 1522 472 1514 485 1521 487 1522 488 1522 514 1523 515 1523 516 1523 526 1520 550 1514 591 1519 621 1523 622 1523 623 1523 632 1519 644 1513 655 1518 663 1522 664 1522 665 1523 687 1523 687 1522 688 1522 697 1518 707 1513 749 1517 806 1522 807 1522 808 1522 809 1522 818 1516 821 1513 864 1512 873 1515 890 1521 891 1521 892 1521 1074 1511 1075 1501 1071 1462 1042 1470 992 1470 974 1463 973 1463 972 1463 971 1463 970 1463 969 1463 955 1470 882 1470 867 1464 860 1462 859 1462 858 1462 836 1464 800 1470 779 1465 765 1463 764 1463 740 1466 717 1469 706 1466 691 1463 690 1463 689 1463 688 1463 687 1463 680 1467 675 1470 639 1471 578 1468 484 1463 483 1463 430 1470 414 1472 398 1471 330 1464 329 1464 328 1464 313 1472 311 1472 271 1465 270 1465 269 1465 268 1465 256 1473 213 1473 214 1505"/></Shape>
	    <String CONTENT="quimur bona delectabilia p intellectum, &amp; aggredimur"
                    HPOS="213"
                    VPOS="1462"
                    WIDTH="862"
                    HEIGHT="63"
                    WC="0.9984533465825595"></String>
          </TextLine>

          
          
          <TextLine ID="eSc_line_b245e051"
                    TAGREFS="LT6657"
                    BASELINE="215 1560 305 1556 1076 1553" 
                    HPOS="214"
                    VPOS="1511"
                    WIDTH="862"
                    HEIGHT="80">
            <Shape><Polygon POINTS="215 1560 215 1584 261 1576 391 1576 402 1583 411 1590 412 1590 413 1590 414 1591 436 1591 436 1590 437 1590 451 1583 456 1581 463 1583 485 1589 486 1589 487 1589 488 1589 502 1583 520 1575 587 1576 608 1582 635 1589 636 1589 637 1589 713 1588 743 1581 752 1579 762 1581 784 1587 785 1587 786 1587 823 1581 824 1581 825 1581 861 1588 862 1588 863 1588 878 1583 973 1586 974 1586 975 1586 995 1580 1005 1576 1058 1574 1074 1579 1076 1553 1073 1511 1037 1518 1010 1512 1009 1512 1008 1512 1007 1512 971 1520 953 1513 948 1511 947 1511 946 1511 945 1511 944 1511 942 1513 931 1521 889 1522 854 1514 842 1512 841 1512 818 1515 770 1522 743 1516 725 1513 724 1513 723 1513 722 1513 717 1517 711 1521 682 1517 661 1515 660 1515 659 1515 650 1518 634 1524 594 1524 586 1519 582 1516 581 1516 580 1516 579 1516 578 1516 567 1519 560 1522 556 1520 546 1513 545 1513 544 1513 543 1513 542 1513 520 1520 517 1521 515 1520 502 1513 501 1513 444 1513 443 1513 442 1513 421 1522 415 1524 398 1522 327 1514 326 1514 325 1514 297 1524 296 1524 293 1524 247 1520 246 1520 214 1525 215 1560"/></Shape>
	    <String CONTENT="bona ardua: sicut est alius appetitus sensitiuus, secũdum"
                    HPOS="214"
                    VPOS="1511"
                    WIDTH="862"
                    HEIGHT="80"
                    WC="0.9887566576743948"></String>
          </TextLine>

          
        </TextBlock>
        
        <TextBlock HPOS="262"
                   VPOS="91"
                   WIDTH="7"
                   HEIGHT="3"
                   ID="eSc_textblock_4c311351"
                   TAGREFS="BT15832">
          <Shape><Polygon POINTS="263 91 269 91 269 94 262 94 263 91"/></Shape>
          
        </TextBlock>
        

        
      </PrintSpace>
    </Page>
  </Layout>
</alto>
