4442 6558
1300 859 2569 150 tupere ne si na en luy nulle uertuz morale. aussi car la puissance

1315 983 2569 139 digestiue digere tant que elle peust digerez. et lucil uoit tant que il

1315 1074 2533 146 peust ueoir en ces choses nest point uertuz morale la puissance est

1311 1184 2573 120 determinee a bien faire. mais ces choses sont souffisaumẽt determinees

1319 1289 2590 120 par nature a faire leurs propres actions dont nont il mestier de uertuz

1319 1384 2554 131 morale et puis que uertuz morale ne peust estre es puissances nature

1315 1460 2584 146 les ne sensitiues. et en lame na autres puissances fors que lentendemẽt

1308 1577 2591 135 et lapetit intellectuel et sensuel. Il cõuient que en ces trois soient les

1297 1654 630 138 uertuz morales.

1293 1737 2573 153 ¶ Le second chappitre declaire commẽt les uertuz sont distinguees et

1311 1854 1753 138 comment elles sont en lentendemẽt et en lapetit.

1625 1952 2219 135 Emonstre que les uertuz morales ne peust estre es puissances

1344 2047 269 128 L

1297 2153 2583 131 uertuz et cõment elles sont en lentendemẽt et en lappetit dont est a disti

1311 2237 2588 138 guez des uertuz. Car aulcunes sont intellectuelles et aucunes sont mora

1308 2331 2576 135 les et les aultres sont moyennes entre les intellectuelles et les morales

1311 2444 2547 124 les intellectuelles sont celles qui sont en lentendement speculatif. cõe

1315 2550 2533 116 sont sciences speculatiues cõme philoso phie naturelle iomestrie et

1322 2637 2577 110 methafisique et autres telles choses. mais les uertuz simplemẽt mora

1319 2725 2572 116 les sont celles qui sont en lapetit sensitif ou intellectif cõme iustice for

1315 2809 2569 131 ce temperance et telles autres choses de quoy nous traicteron singuliar

1319 2918 2590 120 ment les uertuz moiennes sont celles qui sont en lentendemẽt pratique

1315 3005 2584 117 qui entent a leuure cõme prudence et les autres uertuz a elle amiexez car

1315 3096 2496 131 prudence selon le cõmentateur sur le liure dethiques est moyenne

1311 3202 2562 109 entre les uertuz intellectuelles et morales. mais auec ce bien peust estre

1311 3293 2544 128 comptee entre les uertuz morales. car prudence nest point si non es

1311 3391 2533 113 bons hõmes. aussi ne sont les uertuz morales. car et si les mauuais

1315 3479 2543 116 hommes peust estre sciens subtilz et cauteleurs touteffoiz il ne peust

1315 3570 2573 131 estre prudens cõment en son lieu sera declaux pour tant est il escript ou

1311 3657 2595 132 uiͤ dethiques. Quod impossibile est prudente esse non bonũ. cest adur

1319 3763 2580 113 que il est impossible que homme mauuais soit prudent ou saige. doncq̃s

1311 3843 2515 139 les uertuz intellectuelles et sciences speculatiues lessez. Il est a triictez de

1315 3945 2587 139 prudence et des uertuz morales. car nous ne auons pas prinst ceste euure

1322 4040 2591 142 pour sauoir seulemẽt mais pour estre bons ¶ La quelle bonte ne pouon

1315 4153 2525 109 auoir sans prudence et sans les uertuz morales. les quelles uertuz

1315 4226 2547 142 cõuiennẽt estre en lentendemẽt et en lapetit. car il est dit q̃ uertuz

1311 4342 2537 124 est aucune chose selon raison. Il cõuient doncques que la puissance

1315 4426 2569 131 en quoy uertuz est mise soit racionele. et selon le philosophe rucionel

1319 4525 2521 134 est dit en deux manieres. lun par essence. et lautre par ꝑticipacion.

1315 4619 2543 204 Car lentendement est incionel par essence et lapetit est incionel par
