4396 6524
507 826 2532 167 participacion. Car combien que lappetit ne soit pas lentendement ne

515 927 2618 167 raison essencielement si participe il raison pource que il est ordonne obeir

507 1043 2594 134 a iison. Mais les puissances naturelles et les sensitiues cõgnoissãces

507 1134 2546 149 ne sont pas racionelles par essence pource que il ne sont pas ruison.

511 1243 2550 130 et si ne participẽt point raison car par elles mesmes et selon que ilz sõt

511 1337 2564 141 telles il ne obeissent pas a raison. Dont es sens corporelz ne es puissandes

511 1435 2575 134 natureles ne sont pas leurs uertuz mais seulemict ont este en lentendemẽt

507 1536 2565 127 et en lapetit. Et en nous a double apetit intellectif et sensitif. car aussi

507 1641 2576 138 comme naturel lapetit naturel ensuit la forme prinse nãturelemẽt

515 1732 2542 123 aussi lapetit de cõgnoissance ensuit la forme congneue car aussi cõe

511 1830 2546 141 pource que les choses pesantes ont forme de guiuite ou pesanteur il

511 1928 2579 119 ont une inclinacion naturrle qui est dit appetit naturel par ilz desirẽt

511 2015 2539 130 naturelemẽt estie en lieu bas. Ainsi les choses qui ont cõgnoissance

511 2134 2564 116 pource que il ont en soy la forme de la chose cogneue il sensuit aucune

507 2207 2568 123 inclinacion et aucun appetit selon celle forme. Et pource que nous auõ

500 2312 2557 130 en nous double congnoissance cest assauoir sensitiue⁊ intellectiue

504 2399 2571 134 ainsi auons nous double appetit. cest assauoir sensitif qui ensuit la

500 2500 2568 127 forme de la chose cogneue par le sens corporel. et lappr̃at intellectis qui

500 2584 2586 145 ensuit la forme de la chose cogneue par lentendent. Et lappetit sensitif qst

500 2692 2590 127 Souble. car aussi comme nature a donne aux elemens et aux choses qui

507 2776 2576 145 sont sans ame double puissance. lune par quoy ilz tendent a leur ꝓpre

507 2888 2546 109 repoux. et lautre par quoy ilz resistent et se deffendent de leur cõtruires

511 2972 2524 119 et proibant ou empeschant leur propre repour. mais plus ha donnie

511 3062 2524 127 nature ceste double puissance es bestes qui ont cõgnoissance et qui sõt

515 3171 2528 116 plus parfaiz. nous uoion que le feu est naturellement chault et leger.

515 3262 2535 105 et par sa legerete il tend en hault comme en son propre lieu et repoux a

511 3345 2524 127 luy conuenable. et par sa chaleur il eschaufse et brule les choses qui luy

511 3439 2572 112 sont contraurs. Soncques nature a donne au feu puissance calefactiue

507 3530 2615 112 ou eschauffante a ce que par elle il resistast es choses contiires ⁊ coruptiuq

507 3624 2554 112 affin quil ne fust empesche par quelconques choses contiaires de tendre ꝑ

511 3718 2524 116 sa legerrte a son propre lieu et de y icposer. ¶ Soncques si nature au

515 3809 2549 119 feu et aux choses qui sont sans ame a donne double puissance. une par

511 3903 2539 141 quoy ilz acquerẽt leur propre repour. et lautre par quoy ilz se deffendent

511 3997 2513 134 de leur contiiur et proibans. par plus forte raison a elle donne ce aux

511 4091 2513 127 bestes donc elle leur a donne appetit sensitif double. lun par quoy ilz

515 4186 2568 127 poursuiuãt et querẽt leur propre icpour et propre delectacion qui est nõme

511 4284 2557 126 concubisable. et lautre par quoy ilz resistent a leur contuures ⁊ assaillent

511 4360 2546 145 les proibens cest a dire les choses qui empeschent leur repour et delectaciõ

507 4468 2536 149 et est nõme miscible ainsi que lappetit concubisable est ainsi es bestes

504 4559 2517 210 cõme legercte et guigfuete est es choses gugues et legeire. mais lappetit
