2371 3442
625 497 1351 90 Car xeem quel foch naturalment es calent e leuger. per leu

627 562 1342 90 geria ua en proꝑi repos. per calor resesteix a las cosas con¬

625 625 1351 86 trarias  perque  lo  foch per cascunas colas contrarias no fos

623 694 1351 91 empatxat. que per rao dela leugeria  en son propri loch no

623 755 1357 84 reposas. ha li  dat natura potencia  calefactiuaperque per el

623 818 1357 92 la  resistis a  las cosas cõtrarias corruꝑtiuas dõchs si al foc e

621 885 1346 82 alas cosas ĩanimadas natura ha dat potencia doble xna ꝑ

621 946 1351 84 la qual aconseguesquen son propri repos altra per  la qual r̃

616 1019 1356 78 sistesquen a  las cosas contrarias:molt m̃s  la  ba dada als ho

620 1078 1352 82 mens. Donchs ha los cat doble appetit.sensitiu xn per lo

620 1139 1354 82 qual aconseguesquen son propri repos. e aquest es concupis

618 1206 1356 75 cible. altre per  lo  qual contrasten a  las cosas contrarias. e a

620 1271 1345 80 quest es irascible. Ari que  lo  appetit concupiscible es sem¬

620 1330 1343 79 blantment en  las cosas animadas. com es leugeria e graui¬

620 1397 1352 81 tat en  las cosas leugeras e greus. E  lo  irascible es axicom la

620 1460 1354 77 calor e fredor  dellas. Car axicom  las cosas greus se partexã

620 1531 1358 75 del loch alt: com aquellas que nols es natural. e xan a baix

616 1589 1356 74 axicom a aquell quils es natural. E per fredor contrasten a

614 1646 1357 88 las cosas contrarias.perque no sien corrumpudas de sa pro

612 1713 1355 76 pria natura ne desemparen los lochs de son propri repos.

614 1772 1357 75 axi  las cosas animadas per potencia concupiscibla fuian los

610 1837 1359 82 mals trists e segueixen los bens delitables. Rer  la  irascible

620 1898 1349 83 uan contra  las rosas cõtrarias. quels porian xedar los bẽs

614 1965 1349 82 delitables.Axicom  lo leo per potencia  concupiscibla xa per

610 2021 1347 88 que aconseguesca  la  uanda  axicom a cosa delitable. mas ꝑ

610 2082 1349 94 potencia irascibla xa contra  las  bestias. que li xolan leuar

614 2153 1349 80 la uianda . E perço es bendit:que  la  potencia  concupiscibla

616 2218 1349 90 guarda be e mal en quant be e mal. Car com be desi diga al

616 2279 1339 90 guna cosa que deu esser proseguida e mal diga alguna co¬

610 2344 1353 90 sa que  deu esser fugida: la  potencia concupiscibla que de si

620 2409 1339 84 ua en repos e en bes delitables e fuig mals trists:ha per ob

608 2464 1345 86 iecte bens e mals sensibles segons si considerats.Pas la i¬

608 2526 1351 160 rascibla  segons la qual contrastom s los  cosas contranias e
