2371 3442
562 499 1340 91 ĩar aquest sperit fins al ceruell.e fal estendre per tots los mĩr

564 560 1338 97 uis. E si en los paraliticbs e afollats alsguns membres no

564 621 1341 105 poden exercir sa operacio:es ꝑq̃ en  lo  nirui de aquell mẽbre

556 686 1351 101 fall aquest sperit emꝑatxat ꝑ qualque causa de indisposicio

560 753 1344 101 de aquell nirui.¶La aĩa intellectiua te duas potencias. ço

560 816 1349 92 es cognitiua e xolitiua.La cognitiua te quatre ꝑotẽcias en

556 877 1338 105 teniment agent, enteniment passible enteniment specula

558 948 1342 88 tiu, enteniment pratich. E totas aquestas quatre potenci¬

558 1013 1351 86 as serucixen ꝑ al acte del entendre.¶ Lo  enteniment agent

556 1072 1353 88 illumina  la similitut delas cosas ꝑ poder  las appendre.  Lẽ

556 1141 1355 90 teniment passible es que entra per los senys: e ꝑço es cõꝑat

556 1198 1353 100 al sol. que axicoz nosaltres ꝑ dispost que tengam lull  no po

558 1265 1363 85 riam res xeure sino miiançant la  lum: axi lenteniment passi

560 1330 1340 83 ble no poria entendre  las cosas sens  la  illuminacio del ente¬

558 1395 1351 83 niment agent. Enteniment passible se diu  lo qͥ reb en si las si

554 1460 1357 81 milituts tramesas ꝑ los senys e illuminades ꝑ lenteniment

554 1520 1357 88 agent. E diu se passible ꝑq̃ reb las similituts. Car rebre o es

551 1581 1360 86 ser inpressa alguna cosa en altra:es sofferir. e sofferir. es passi

553 1648 1358 74 o.Entenimẽt speculatiu es  lo  mateix passible: E diuse spe

553 1717 1358 76 culat iuiperq̃ enten aquella specia en ell inpressa. E es enses

551 1768 1356 92 passible e speculatiu pero en diuersos sguarts. Car es passi¬

551 1833 1358 77 ble en quant reb las specias e speculatiu en quant las entẽ

549 1904 1362 71 ¶ Enteniment pratich es  lo  mateix speculatiu. E diuse pra

549 1963 1362 83 tich ꝑque enten  la  differencia delas cosas: entenent com son

549 2026 1358 77 diuersas  las  xnas delas altras. E mes se diu pratich ꝑq̃ la  fi

551 2093 1356 71 sua es obrar e no sols entendre.E ꝑço diu  lo  philosophenlo

554 2160 1353 75 terc de ãa quel enteniment pratich differeix del speculatiu

553 2222 1352 68 en  la  fi. Car  la  fi del speculatiu es entendre e  la  del pratich

547 2285 1360 70 obrar. E  lo  discernir que lentenimẽt pratichfa en  las cosas

556 2346 1349 72 es propriament discrecio. ab tot xulgarmẽt no diẽ discrets

549 2401 1358 84 sino los que en  lo  tal discernir prenẽ  la  bona part. Car lespe

553 2466 1352 81 culatiu solamẽt entẽses fer differẽcia d̃ xnas a  las altrs sino

554 2531 1353 195 q̃ es bor peaia e sust coscu eni.e easta moirs de test oie los
