874 1247
427 191 249 27 Incipit secunda pars primi libri de regimĩe

426 209 249 27 principum in qua tractat᷑ quas uirtutes de

431 228 186 36 beãt habere reges ⁊ principes.

440 288 211 31 Quomodo diuiduntur potentie

430 310 223 44 anime ⁊ in quibus porentiis habẽt

444 333 88 20 esse uirtutes.

453 364 211 39 Capitulum primum

543 427 130 35 Ostquaz auxiliante

546 454 125 24 deo compleuimꝰ pri-

540 473 130 23 mam partem huius

545 488 125 23 primi libri ĩ quo agi-

549 505 122 23 tur de regimine sui:

547 522 125 27 ostendẽtes in quo re

548 539 123 26 ges ⁊ principes suaz

546 559 123 23 felicitatem debeant

546 577 124 20 ponere quia non de-

546 592 126 25 cet eos suum finẽ po

415 605 255 27 nere in diuitiis:nec in ciuili potentia: nec in

414 627 256 22 aliquibus:sed omnibus his ut supra plenius

413 643 257 24 probabatur:debent uti tanquam organis ad

413 661 257 24 felicitatem.Suam autem felicitatem ponere d̾

414 680 257 21 bent in actu prudẽtie prout talis actus est im-

413 697 260 24 paratus a caritate:nam tunc reges habent fe

414 714 256 23 licitatem suo statui debitam ⁊ condignã: quã-

413 729 257 26 do instigante dei dilectione n prudentiaz re-

412 748 258 25 gitiuam gentem sibi comimissam scd̃m legem

412 767 259 24 ⁊ rationez sancte ⁊ iuste regant. Principaliter

413 783 257 22 ergo  regum felicitas ponenda est in ipso deo

412 801 258 24 ⁊ excognitione ⁊ dilectione eius studium suũ

412 818 257 22 ⁊ uitam suam ad hoc ordinare debet nł cogno

410 836 260 24 scentes ⁊ diligentes  deum tanquam ueri mini

411 851 258 26 stri eius scdm ordinem rationis dirigant po-

403 865 262 29 pulum sibi cõmissum. ¶ His ergo itaq perac

410 889 259 21 tis ⁊ ostenso in quo reges ponere debeant suũ

411 906 259 22 finem scd̃m ordinem superius pretaratum: re

411 923 258 21 stat ostendere quibus uirtutibus reges polle-

409 939 261 36 re debeãt. Uirtutes autem quedam sunt ꝗdaz
