4474 6522
1323 826 2563 181 leur felicite car il ne doiuent pas mettre leur fin en richesses ne en

1330 974 2582 131 ciuile puissance ne en autres telles choses. mais comme dauant

1334 1061 2603 131 est prouue plus plainemẽt ilz doiuẽt user de toutes ces choses aussi

1326 1170 2640 134 cõme des orgãnes ou instrumẽs a leur felicite acqueire mais doiuẽt

1330 1275 2574 119 mettre felicite ou fait de prudence cõmande de chante car adoncq̃s

1326 1365 2586 113 ont les roys felicite deue et condigne a leur estat quãt eulx emeuz

1323 1449 2585 127 de lamour de dieu gouuernẽt la gent a eulx cõmise selon prudẽce

1330 1554 2542 145 et selon la loy et raison saintemẽt et iustemẽt. doncques principa

1323 1644 2541 138 lemẽt en dieu doit estre mise la felicite des roys et eulx meuz de la

1323 1739 2628 134 congnoissance et amour de dieu leur estude et leur uie doiuẽt ordõnez

1326 1858 2615 109 a ce que en congnoissant et aymẽt dieu. aussi cõme ses uraiz mĩstres

1323 1934 2607 124 ilz puissent gouuerner le peuple a eulx cõmis selon lordre de raison

1326 2036 2506 127 Ces choses doncques dauãt mises et monstre en quoy le roy doit

1323 2141 2549 101 mettre sa fin. Reste maintenãt demonstrez selon lordre dauãt notee

1323 2217 2563 120 quelles uertuz les roys doiuẽt auoir. Et pourtant que les uertuz sõt

1319 2322 2607 130 ornemẽt et ꝑfection de lame il cõuient premieremnẽt demonstrez quã

1316 2409 2567 127 tes sont les puissances de lame et es quelles sont les uertuz. Et con

1319 2503 2607 142 sequẽtemẽt sera declaire cõmẽt les uertuz sont distinguees ¶ Apres

1319 2601 2524 120 demonsteron quantes sont ces uertuz en nombre et les quelles sont

1319 2706 2531 116 principales et les quelles sont apres. finablemẽt sera declaux dune

1316 2782 2643 138 chime uẽrtuz singulieremẽt et cõment les roys et princes doiuẽt auoir

1316 2873 2632 137 telles uertuz. Les puissances de lame peust ainsi estre distinguees car

1312 2963 2578 142 les unes sont natureles. les autres cognitiues ⁊ sencitiues. aulcunes

1312 3058 2545 134 appetitiues et les autres intellectiues. Les puissances naturelles

1308 3148 2596 141 sont celles qui sont cõmunes a nous et aux plantez uegetables cõe

1319 3242 2560 142 est la puissance neutritiue augmentatiue et cõuantiue les q̃lles

1316 3337 2625 126 cõpetent a nous et aussi aux arbres et aux herbes que on appelle plã

1316 3438 2570 123 tes uẽgetables. mais les puissances cognitiues sencitiues sont celles

1316 3521 2552 142 par quoy nous cognoisson les choses corporelles comme est la ueue le

1316 3616 2541 148 goust et le atouchement et telles choses les quelles sont cõmunes a

1316 3717 2530 120 nous et es bestes brutes ¶ Les puissances appetitiues sont partiz en

1308 3811 2509 127 deux. car en homme est ung appetit qui nest pas es bestes brutez cest

1316 3909 2581 116 la petit qui ensuit lentendement. Et homme ha ung aultre appetit qui

1316 3992 2603 145 est cõmun a lur et aussi es bestes cest la petit qui ensuit le sens corporel

1312 4090 2589 123 et peust estre nõme sensualite. Et lautre apetit qui ensuit lentendemẽt

1312 4184 2574 145 a nom uolente. Eelon la quelle maniere de parler les bestes brutez ont

1316 4290 2545 137 sensualite et apetit sensitif. mais ilz nonst mye uolente qui est apetit

1319 4380 2571 127 intellectuel. Donc les uertuz dont nous entendon parler lesquelles sõt

1319 4485 2600 120 habiz louables ou ilz seront es puissances naturelles ou es puissãces

1319 4572 2542 199 sensitiues cogitiues ou en lapetit sensitif. ou en lapetit intellectif.
