4383 6538
505 828 2602 163 ou en lentendement ou en toutes ces choses ou en aucunes delles. Mais

505 969 2576 135 es puissances naturelles ne peust il estre cõment appert par trois ri

505 1056 2540 153 sons. Car premierrmẽt nous ne sõmes loucz ne uituperez pour les

508 1158 2552 142 choses natureles. car nul nest dit bon homme pour auoir bonne

512 1271 2540 127 mitatiue ou bonne augmentatiue. ¶ Secondement es puissances

512 1354 2562 131 naturelles ne sont pas les uertuz. car uertu est une chose selon nuson cõe

505 1441 2573 149 est prouue ou second dethiques. Mais les puissances naturelles consi

468 1547 2628 145 derez en elles mesmes ne obeissent pom̃t a raison. car pour nr̃e ruison ou

490 1641 2624 146 uolente les puissances naturelles ne uarient en leurs faiz mais font leͬ

505 1739 2584 138 euures selon leur maniere ¶ Tiercement en celles puissances ne peust

508 1837 2559 135 estre uertuz ne autres habiz. car les habiz determinẽt les puissances a

512 1943 2588 130 faire bien ou mauuaisement. car par les habiz uicieux la puissance est

505 2041 2602 116 determinee a faire mauuaisement et par les habiz uertueux a faire biẽ.

516 2143 2580 112 donc puis que ainsi est que nature est determiuee a une chose ⁊ que

512 2248 2609 116 les puissances naturelles sont souffisaumet determinees de nature

508 2328 2613 127 aleurs euures faire par elles ne sõmes nous uertueur ne uicieux selo

512 2433 2595 120 que nous parlon ycy de uertu et de uice car en elles ne peust estre uicez

512 2520 2588 124 ne uertuz. Et par ses trois misons par les quelles est prouue que uertuz

519 2626 2519 127 ne sont pas es puissances natureles. peust on aussi prouuez que les

497 2709 2534 127 uertuz ne peust estre es puissances sensitiuez cogitiuez car aussi cõme

519 2811 2584 134 nous ne sõmes loucz ne uituperez a cause de puissances natureles aussi

519 2913 2544 127 ne sõmes nous a cause des sens corporelz. Car aussi comme nul nest

516 3000 2591 120 loue ne tenu bon homme pourre que il digere bien ou croist bien. aussi

516 3094 2540 135 nest il pour ueoir cler ou pour ouyr subtillemẽt si dauanture ce mne se

516 3181 2573 138 roit par accident. comme si aucun par trop boire ou menger seroit cheu

516 3279 2598 117 en maladie des yeulx ou en doleur de lestomac par quoy il uerroit pas

512 3381 2598 113 cler ou digereroit mal il seroit blasme non pas de mal Sigarz ou de ne

516 3465 2558 127 ueoir pas tler. car bien digerez ou ueoir clẽr nest pas en la puissance de

512 3563 2540 116 lomme. mes de auoir trop beu ou menge. car il estoit en sa puissance

508 3657 2548 135 de user modarmnent de boirr et de menger. ¶ Cecondemẽt les uertuz

519 3755 2522 131 ne peust estre es sens corporelz. car aussi que les puissances natureles

523 3831 2529 157 ne obeissent pas a raison. car ne peust croistre plus ne moins selon la

523 3930 2522 152 reigle de raison ne plus ou moins digerez. et aussi les sens corporelz ne

516 4039 2525 134 obeissent pars a raison car il nest pas en nostre puissance ueoir plus

519 4108 2581 163 cler ou moins cler. pour quoy si uertuz morale est aucune chose selon russ̃

516 4224 2591 123 elle ne peust estre mise es sens corporelz. ¶ Tiercement es sens corporclz

523 4322 2515 138 ne peust estre uertu morale. car aussi cõme les puissances naturelles

523 4405 2526 146 sont souffisaumẽt determinees a leurs attions par leur nature. aussi

519 4518 2519 145 est le sens corporel. car aussi comme le feu eschauffe tant que il peult

519 4602 2548 203 eschauffer pource que il est determine en son action il nest loue ne ui
