4447 6530
1335 827 2596 141 unsable est aussi comme chaleur et froidure es choses dures. car aussi

1325 932 2555 149 cõme les choses guiefues ou pesantes delaissent le lieu hault aussi cõe

1325 1044 2533 124 lieu non conuenable par leur pesanteur et tendent au lieu bas aussi

1335 1139 2567 127 comme au lieu conuenable a leur forme. et par froidure resistent a le

1328 1237 2556 134 contrire a ce que il ne soient corrũpuz de leur propre nature et que

1325 1338 2526 123 il ne delaissent leurs propres lieux et leurs propres repoux. ainsi les

1332 1429 2516 127 bestes par lappetit concbisable fuissent les maulx quilz donnent

1328 1538 2596 123 tristesse et poursuiuẽt les biens delectables. Mais par lappetit iuiscble

1328 1639 2549 127 ilz assaillent les choses contaures quilz les peust empescher des biẽs

1335 1734 2534 116 delectables. Cõment le lion par lappetit concubisaible quiert uiande

1339 1821 2592 119 ainsi que chose Selectable. Et par lappetit uuiscible il assault les bestez

1332 1919 2541 119 uoulentes luy empescher la uiande prinse. Pourquoy il est bien dit

1339 2020 2581 109 que lappetit concubisable regarde le bien et le mal absolumẽt. mais

1335 2107 2560 131 lappetit iruiscible regarde le bien et le mal entent que il ont raison de

1335 2198 2531 120 chose difficille et haulte. Car pource que bien dit chose appoursuiuir.

1343 2300 2595 116 lappetit concubisable qui de soy tend a repoux et aux biens delectables

1346 2390 2527 120 et fuist les maulx qui donnẽt tristesse ha pour son obiet. les maulx

1343 2481 2508 131 et les biens sensibles absolumẽt par soy considerez sans auoir regart

1339 2564 2614 153 a difficulte ou haultesse. mais lappetit irsable par lequel nous assail

1325 2662 2581 131 lon les proibens et resiston es nuysans. tant es biens q̃ es maulx et

1335 2764 2552 138 les ha pour son obiet non pas selon que ilz sont considerez par eulx abso

1343 2858 2519 131 lumẽt mais selon raison de chose ardue ou haulte et diffiale. Car

1350 2953 2606 130 arduite et difficulte sont grandemẽt repugnẽs et nous donnẽt ẽpesche

1350 3040 2588 127 mẽt a poursuiz le bien et fouir le mal. Soncques nature eust fait euure

1350 3145 2585 112 imꝑfaicte si elle eust donne es bestes appetit concubisable pour euiter les

1354 3235 2519 117 maulx et poursuir les biens et elle ne leur eust donne la petit iuisable.

1350 3323 2512 134 pour assaillir et rebouter les empeschemens de leur delectacion. Donc

1343 3406 2519 141 affin que les bestes se puissent delectez plainemẽt selon maniere a eulx

1325 3497 2555 127 conuenable par lapetit concubisable leur est donne lappetit unsable.

1346 3613 2549 119 par quoy ilz resistent aur choses qui empeschent celle delectacion. Sont

1350 3696 2574 124 est il double appetit sensitif irsable et concubiscible. Mais lappetit

1350 3794 2570 134 intellectif qui est dit uolente nest point diuise. car lentendement

1350 3878 2559 130 regarde son obiet par maniere plus uniuersale que le sens corporel.

1350 3976 2559 141 pourquoy lappetis intellectif qui ensuit lentendemẽt tend a bien ꝑ

1350 4070 2537 127 maniere plus unersale que lappetit sensitif. Et pource que de tãt

1343 4175 2595 127 que une uertuz ou puissance est plus unuuieisale detant se extent elle

1350 4259 2523 126 a plusieurs choses et combien que lappetit sensitif soit double cõme

1343 4356 2534 135 dit est touteffoiz lappetit intellectif existant une mesme chose tend

1346 4451 2545 145 en tout bien intellectif. Soncques lappetit intellectif selon lequel noꝰ

1354 4552 2504 207 poursuuon les biens inteligibles nest pas aultrr que cellui ꝑ qui
