4378 6501
476 794 2572 159 nous entreprenon les hauls biens et difficles. mais lappetit sensitif

469 935 2565 126 par quoy nous poursuuuion les biens sensibles et delectables ⁊ cellui

473 1014 2561 148 par quoy nous entreprenon les choses terables et difficles ne sont

476 1112 2554 141 pas une mesme chose. Pourquoy si toute uertuz morale est en lentẽ

437 1231 2600 108 dement ou en lappetit et lun appetit est intellectif sicõme uolente. Et

465 1321 2562 123 lautre sensitif qui est diuise en deux cest assauoir irascible et concu

465 1408 2576 137 biscible il comuent que toute uertuz morale soit en lentendemẽt ou en

462 1506 2575 151 la uolente ou en lappetit irasable ou concubisaible. ¶ Soncques en

465 1610 2587 145 prenent uertuz morale largement selon que prudence est uectuz mora

465 1726 2558 108 le nous pouons dire que les quatre uertuz cardinales sont prinsce

465 1798 2583 152 selon ses quatre puissances de lame es quelles peust estre uertuz cest

465 1906 2558 127 assauoir prudence iustice force et temperance. Car prudence est en len

455 2000 2593 138 tendement. Iustice en la uolente. force en lappetit unsable. et temper̃ce

465 2087 1012 145 en lappetit concubiscble.
