2113 2746
617 372 595 68 tout son roiaume par les oeuures

622 421 571 68 de ueritet. ¶Nous uous auõs

620 472 565 69 dit que li roi et li prince sont

619 529 601 65 en boin ciuite qnͣt il aiment dieu

620 585 582 63 et il entendent pout lamour de

616 633 604 71 dieu a gouurener lor pueple droi-

622 689 598 64 turierement selonc loy et raisõ

636 749 575 59 Or uous dirons queles uertus il

619 796 618 73 doiuent auoir. et pour ce queles

620 849 589 67 uertus font lame parfaite. ¶Noꝰ

622 903 569 67 dirons qͣntes poissances lame a

623 958 595 68 et esqueles poissances les uertus

622 1019 586 54 de bonnes oeuures doiuent i estre

622 1066 595 75 Ci cõmence. la seconde partie dou

628 1124 583 70 premier liure del gouuernem̃t

627 1185 573 64 des rois et des princes. Li pre-

630 1231 561 74 miers chapitres ensengne qnͣ-

636 1287 441 66 tes poissances lame a

736 1340 481 71 ame a .iiii. manieres de pois-

739 1400 472 64 sances. et les unes des ma-

622 1447 589 66 nieres sont natureus si cõme la

620 1502 592 73 uertus qui nourist et la uertus

622 1565 593 70 qui acroist. et la uertus qui ensẽg-

623 1617 571 64 ne. et la uertus cõnissans. si cõme

617 1679 577 61 la ueue. Ie goust latouchement.

617 1733 577 70 et les autres sens del hõme.

622 1787 577 74 Lautre poissanche de lame est li

617 1842 586 67 entendemẽs. ¶La tierche poissã-

617 1897 598 72 che de lame est desirs dentendem̃t

617 1954 574 65 que on nomme uolente. ¶La qͣr-

614 2004 585 63 te est desirs des .u. sens. de Iõme. et

616 2056 572 64 sachies que les uertus de boines

614 2109 574 92 oeuures que nous aquerons par

572 1329 153 126 L

1307 373 554 58 acoustumance de bien faire ne

1307 422 546 63 sont pas es poissances de lame

1305 474 583 61 naturel ne es .u. sens de lõme Car

1307 527 580 69 pour les uertus de boines oeures

1304 582 583 67 doit on loer lõme qnͣt il les a. et

1307 633 561 68 blasmer qnͣt il a le cõtraire. Et

1305 688 566 67 sachies que pour bien nourir.

1305 739 565 72 ne pour bien sentir ne pour biẽ

1299 793 591 67 ueoir. ne doit mie iestre loes ne bla-

1305 845 563 73 mes. Sil nest ensi que par trop

1307 900 571 73 boiure ou par trop mengier ait

1307 953 566 75 aqius maladie par quoi aucu-

1308 1011 554 70 ne des uertus soit empechie.

1305 1064 583 71 Mais les uertus de boines oeures

1307 1121 572 67 sont closes selont raison. et doi-

1305 1185 559 62 uent iestre es poissances de lame

1307 1229 572 76 qui obeissent a raison. ¶Les poi-

1308 1286 556 62 ssances natureles ne li .u. sens

1307 1336 584 67 de lõme nobeissent pas a raison.

1307 1395 592 69 Car cler ueoir ne bien iestre acre-

1305 1452 579 67 u nest pas en la poissanche de lõ-

1307 1505 596 67 me. Car se uns hom auoit mengie

1307 1559 578 71 et ne uosist pas iestre acreus ne

1307 1617 593 62 nouris si le nouriroient et acroi-

1307 1675 584 68 stroient les uertus qui en lui st̾.

1307 1734 557 67 et pour ce ne doit on pas metre

1307 1789 572 70 en ces poissances les uertus de

1308 1848 559 63 boines oeuures et les poissan-

1307 1897 598 75 ces natureles. Et li .u. sens de lom-

1307 1952 571 64 me sont encline souffissaumẽt

1308 2006 597 61 par nature a faire leur oeuures.

1308 2056 576 75 Ne par elles nous ne sommes bõ-

1308 2111 556 96 ne mauuais. Mais les uertus
