2112 2746
231 977 128 103 N

227 370 590 69 des boines oeuures enclinent les

245 427 566 67 poissanches de lame ou elles sõt

236 485 583 62 a bien faire. pour ce di ie que les

241 533 547 63 uertus de boines oeuures ne st̾

241 588 563 64 pas es poissances de lame natu-

242 637 574 64 rel. ne es .x. sens del hõme. qui par

239 691 566 67 lor nature sont encline souffis-

236 744 552 67 saument a faire lor oeuures.

244 796 564 75 Li secons chapitles ensengne

245 854 542 59 cõment les uertus des boines

253 906 424 61 oeuures sont deuisees

340 953 480 72 ous uous auons dit queles

320 1013 493 73 uertus de boines oeuures

245 1069 579 69 ne sont pas es poissances de lame

244 1125 558 60 naturel ne es .u. sens de lõme.

236 1173 577 65 Encore uous disons noꝰ quil sõt

238 1234 578 56 ii. manieres de uertus. Les unes

239 1282 577 71 manieres tendent principaum̃t

238 1334 573 66 a cõnissanche de uerite Si cõme

231 1391 591 72 a la scienche de natures et destro-

238 1450 561 64 nomie et des autres scienches.

238 1507 555 62 Les autres manieres de uertu

238 1554 586 75 sont celles par quoi on fait boine ᷤ

236 1620 569 64 oeuures et les aquiert on par

235 1670 570 64 acoustumance de bien faire et

236 1723 572 64 sont el desir de lõme. si ꝯme iu-

239 1783 575 70 stice atemprance forche de boin-

238 1847 555 59 nairetes et les et les autres de

236 1894 557 70 quoi nous dirons cha auant.

242 1952 546 58 Or uous dirons des uertus par

238 2001 564 60 quoi on fait boines oeuures. Li

238 2050 573 67 desirs de lomme qui est boins o-

238 2103 578 75 beist a raison et les uertus de boĩ-

909 379 603 60 nes choses sont oeuures selonc rai-

906 427 600 68 son. Elles sont en lentendement et

906 479 586 68 el desir dou boin hõme. Et cil desir ᷤ

912 532 594 69 nest autre chose que une enclinã-

906 582 569 72 che a bien auoir. ou a mal faire

907 631 612 70 qui uient de ce que li boin cõnoist

911 694 596 64 bien et mal. ¶ Pour ce que li hõ-

904 752 580 55 ait cõnissances de quoi lune est

906 790 609 76 cõnissance dentendement. Lautre

906 845 598 70 est cõnissance des .u. sens. Il a en soi

909 898 577 69 ii. desirs. Car qñt lentendemens

911 953 592 75 cõnoist aucun bien et aucũ mal

909 1012 584 61 il desire a suir le bien et a fuir le

909 1064 589 71 mal. et tel desit appielon uolente.

904 1116 599 66 Et qnͣt li boin par les .u. sens que il

906 1173 587 70 acõnoist aucun bien singulier

906 1226 609 69 ou aucun mal li hom destre en en-

911 1286 569 65 clinant a poursuir le bien et a

907 1337 609 64 fuir le mal. Et cel desir claime on

909 1392 603 66 desir des .u. sens de lõme. Et saci-

909 1450 598 66 es que li desirs que li hom a par

911 1499 590 72 la cõnissance. des u. sens est deuise ͤ

909 1556 604 70 en .ii. desirs. Car tout ainssi q̃ natu-

911 1617 575 71 re dõme a en soi .ii poissances si

907 1672 599 71 cũ caleur et legierete li sens pu-

909 1726 606 74 et aler en sen propre liu naturel

907 1792 577 64 qui est lasus uers la lune. et ꝑ

912 1839 569 63 la caleur que il a il puet cõtre-

914 1896 586 68 ster as choses qui empeechent son

914 1952 575 63 delit en sen propre liu naturel.

912 2001 597 69 Et ensi est il des autres elemens

915 2050 598 70 Tout ensi doit on entendre quil

917 2102 547 74 est es natures des biestes. Et

1724 192 88 78 102
