2117 2725
608 354 588 72 puis que nature de bieste est plus

607 410 562 63 france et plus noble de natutre

607 461 560 64 delemens. Et nature douna as

605 513 571 68 elemens .ii. poissantes drois fu

608 570 583 65 et raisons que nature dounast

608 622 591 68 as biestes .ii. poissances. pour ce

608 675 582 69 que par lune li hom et les autͤs

611 726 573 71 biestes peuissent tendre a chose

590 775 610 77 cõnignable et auoir leur propre

611 831 564 74 delit. Celle poissance est apielee

611 884 597 71 desirs de bien delitable et par ⟦au⟧

614 938 553 73 lautre poissanche il puissent

614 990 568 65 contrester as choses qui lor delit

614 1044 589 76 puissent empeechier. Et celle poi-

613 1102 587 72 ssanche est appiellee desirs de cõ-

616 1162 569 70 trester a chou qui sen propre de-

614 1212 576 76 lit peuist empeechier. ¶ Dont

611 1270 583 71 on puet sauoir que des uertus

613 1323 571 68 de boines oeuures la uertus de

613 1374 587 76 sapienche est en lentendement.

614 1432 583 71 et la uertus de iustiche. est en la

613 1486 580 71 uolente et la uertus de forche de

614 1544 567 71 corage est el desir de contrester

616 1600 559 77 a chou qui empeeche le propre

614 1657 567 71 delit de lõme. la uertus datem--

616 1721 593 69 pranche est ou desir dauoir delit

619 1769 559 70 Cis tiers chapitles ensengne

620 1827 574 57 qnͣtes uertus de boines oeuures

722 1868 366 78 Ous uous auons dit

1113 1880 90 61 sont

731 1937 472 64 cõment les uertus de boin-

619 1981 571 76 nes oeuures sont deuisees. Or

622 2037 578 70 uous dirons quantes uertus de

620 2092 580 104 boines oeuures sont. ¶Li phi-

574 1918 177 93 N

1291 349 594 67 losophes dist que il sont .xii. uer-

1291 402 574 67 tus de boinnes oeuures. ¶La p̾-

1291 455 582 68 miere est apielee sapience. Celle

1293 507 574 65 est en lentendement de lomme et

1296 557 571 75 fait que li lom qui la fait oeure

1294 611 585 67 de droites raisons et de boinnes.

1293 658 565 80 La seconde uertus est iustice:

1293 719 572 65 qui oeuure de droiture et de rai-

1296 766 577 69 son. ¶Les autres x uertus sõt

1294 819 579 77 el desir del homme et atemprent

1297 875 571 72 les mouuemens dou cprage selõc

1299 929 560 73 raison qnͣt elles ont en lomme

1299 982 560 76 tant de pooir. Et qnͣt li mouue-

1297 1049 574 63 ment de corage sont bien atem-

1299 1097 581 73 pre selonc raison. Li hom se main-

1299 1155 584 65 tient es oeuures humaines droi-

1300 1203 567 64 turierement. Or uous noume-

1303 1256 562 76 rons les .x. uertus. Car les deus

1302 1315 571 62 deuant nous uous auons nõme-

1302 1368 581 73 es. ¶Lune des .x. uertus est for-

1305 1420 569 78 che de corage. ¶Lautre est atẽ-

1302 1479 578 77 prance. ¶La tierchies largeche

1302 1533 562 76 de peu dauoir. ¶La quarte est

1302 1598 549 71 de faire grant despens de grans

1305 1651 557 68 choses. ¶La quinte est de boi-

1306 1698 579 83 nairetes. ¶ La sisime est uerite ᷤ

1306 1760 565 79 La sietimes est uertus de grant

1303 1816 565 73 cuer ¶La witime est amours

1305 1874 557 66 donneur. ¶ La nueuime est.

1306 1922 562 68 courtesie. ¶Li disimes est. q̃

1306 1978 574 65 on si sache bien auoir encõuer-

1308 2027 562 75 ser aueec les gens. ¶Les uer-

1309 2084 552 89 tus de boines oeuures sont es
