1425 1875
327 152 431 61 lectaçiõ. Pues q̃ assi es enq̈nto las

329 195 422 49 aiãlias segũd su man̾a cõuenible se

329 227 432 44 pueden delectar cõplida mẽte por el appe

330 257 431 46 tiro desseador fueles dado appetito enss

328 288 437 41 ãnador por el q̈l puedẽ acometer ⁊ arre

327 315 429 44 drar todas las cosas q̃ enbargã la su

330 353 427 42 delectaçiõ/. Pues q̃ assi es dos son los/.

331 380 442 48 appetitos ⁊ los desseos senssibles/. El/.

319 414 472 43 uno enssãnador/. El otͦ cobdiçiador/ Maᷤ

328 444 417 45 el appetito dł entẽdimiẽto q̃ es dich̃o

328 478 425 45 uoluntad nõ es departido en nĩgũas

328 512 428 43 partes/. Ca cõmo el entẽdimiẽto sea.

327 543 450 45 mas gen̾al q̃ el seso/. Mas gen̾al mẽte

328 575 422 43 cata aq̃llo en q̃ ha de obrar q̃ el seso/. ¶

322 605 440 45 El appetito dł entẽdimiẽto q̃ se sigue

323 638 436 45 aesse mismo entẽdimiẽto/. Mas gen̾al

325 668 444 46 piẽte ua al biẽ q̃ el appetito dł seso/. Et

327 703 443 44 por q̃ cada cosa q̈nto es tomada so man̾a

329 733 437 48 maas gen̾al tanto essa misma cosa se es

329 770 432 37 uiende amas cosas maguera el appeti

331 798 433 39 to ⁊ el desseo dł seso sea otͦ/. Et otro se

332 828 426 44 gũd el q̈l seǵmos las cosas delectables

332 862 425 44 dł seso ⁊ acometemos las cosas espãta

332 897 432 41 bles/. Enꝑo el appetito dł entẽdimiento

334 929 438 43 seyendo uno ⁊ esse mismo ua atodo biẽ

334 960 438 45 q̃ se puede entẽder ¶pues q̃ assi es

334 992 435 40 nõ es otͦ nĩ deꝑtido el appetito dł en

334 1019 439 41 tẽdimiẽto segũd el q̈l seǵmos los bi

332 1053 439 35 enes delectables por el entẽdimiẽto/.

334 1088 439 30 Et acometemos los bienes fueites de

335 1112 432 36 alcançar assi cõmo es otͦ ⁊ deꝑtido el

335 1141 438 37 appetito senssitiuo segũd el q̈l seǵmos

334 1169 434 44 los bienes senssibles ⁊ delectables de

331 1205 431 37 aq̃l por q̃ acometemos las cosas espã

334 1227 459 43 tables ⁊ tstables ¶pues q̃ assi es

333 1260 443 45 si toda útud moral/o eñl entẽdimiẽto

331 1296 441 35 o eñl appetito/. Et el appetito es deꝑti

335 1327 434 34 do ca otͦ es el dł entẽdimiẽto assi cõmo

337 1348 446 43 es la uolũtad/. Et otͦ es el dł seso ⁊ este

335 1380 433 43 es deꝑtido/. Ca el uno es ꝑa enssãnar

339 1412 436 42 Et el otͦ es ꝑa cobdiçiar ¶Conuiene

340 1438 433 43 q̃ toda útud moral/o sea eñl entẽdimi

340 1470 429 44 ento/ o en la uolũtad/ o eñl appetito

344 1502 427 66 enssãnador/ o eñl apfetito cobdiçiadot

1039 71 90 41 parte.

745 61 131 57 Segunda

428 51 90 62 ¶.la

836 156 436 55 pues q̃ assi es tomando larga mente

839 201 426 39 la útud moral en q̈nto la p̈dençia es

839 233 426 34 dichã una útud moral assi podemos

838 257 428 45 dezir q̃ segũd estos q̈tro poderios dł

838 287 433 44 alma en los q̈les ha de seer la útud po

838 322 441 39 demos tomar ⁊ entẽder q̈tro útudes

840 350 426 42 cardinales ⁊ gen̾ales dłas q̈les ¶La

826 381 444 48 una es la p̈dençia ⁊ la oẗ la iustiçia et

839 422 436 31 la oẗ la fortaleza ⁊ la oẗ la tẽprança

839 444 430 43 Ca la p̈dençia es eñl entẽdimiẽto/. La

841 477 430 37 iustiçia en la uolũtad/. la fortaleza en el

820 507 451 47 appetito enssañador/. la tẽprança en el

839 542 240 45 appetito cobdiçiador/.
