909 1249
120 163 264 23 quia sicut potentie naturales sufficienter de

121 183 261 21 terminantur ad actiones suas per suam natu

122 201 259 20 ram. Sic ⁊ sensus: nam sicut ignis tantum ca

122 217 258 21 lefacit quantum potest calefacere propter qd

122 234 258 24 quia determinatus est: In actione sua nec lau

120 253 260 24 datur nec uituperatur nec est in eo uirtus mo

122 269 263 23 ralis. Sic quia potentia digestiua tantum di¬

121 286 259 26 gerit quantum potest digerere ⁊ oculus tantũ

121 306 259 20 uidet quantum potest uidere in eis uirtus mo

120 322 262 21 ralis esse non porest. nam per uirtutem mora

120 335 269 27 lem determinatur potentia ad agendum : hec :

118 352 271 28 autem sufficienter determinantur ad actiones

120 376 260 20 proprias per naturam non ergo indigent uir

120 389 261 23 tute morali. Si ergo nec in potentiis naturali

120 408 259 24 bus nec in sensibus est uirtus moralis:cum p̃

120 425 260 22 ter potentias naturales ⁊ sensus non sit nisi

118 442 261 25 intellectus ⁊ appetitus intellectiuus ⁊ sensiti

120 461 256 25 uus o esse in talibus uirtutes morales
