909 1249
120 163 264 23 quia sicut porentie nacurales sufficienter de

121 183 261 21 ferminantur ad actiones suas per suam natu

122 201 259 20 ram. Sie ⁊ sensus:nam sicut ignis tanrum es

122 217 258 21 lefacit quantum potest cale facere propter qd

122 234 258 24 quia determinatus est: In actione sua nec lau

120 253 260 24 datur nec rituperatur nec est in eo uirtus mo

122 269 263 23 talis. Sic quia potertia digestiua tanitum dĩ

121 286 259 26 gerit quantuti potest digerere ⁊ oculus tantũ

121 306 259 20 uidet quanrum potest uidere in eis uirtus mo

120 322 262 21 ralis esse non porest. nam per uirtutem mora

120 335 269 27 lem determinatur potentia ad agendum : hec :

118 352 271 28 qutem sufficienter determinantur ad actiones

120 376 260 20 proprias per naturamn non ergo indigent uir

120 389 261 23 tute morali. Si ergo nec in potentiis naturali

120 408 259 24 bus nec in sensibus est uirtus moralis:cum p̃

120 425 260 22 ter potentias naturales ⁊ sensus non sit nisi

118 442 261 25 intellectus ⁊ ꝯppetitus intellectiuus ⁊ sensiti

120 461 256 25 uus oz esse in ralibus uirtutes morales

170 494 161 44 Qauomodo distinguuntur.

170 530 161 25 uirtutes: ⁊ quomodo eẽ ha

170 546 161 25 bent. in intellectu ⁊ appeti

170 565 170 24 tir alichobi Capłm. il.

159 598 217 24 Stenso ꝙ nec in potentiis naturali

160 616 218 25 bus nec in sensibus habent esse uir

125 627 251 28 tutes. Restat ostendere. quomodo dĩ

117 653 260 20 stingiintur tirtutes:⁊ quomodo in appetitu

118 666 258 24 ⁊ intellectu existunt. Distinguendum est igit᷑

118 684 260 23 de rirtutibus ⁊ de huiusmodi potentiis: nam

118 703 260 22 uirtutum quedam sunt intellectuales: quedaz

118 720 260 22 morales: quedam medie icirer iitellectuales ⁊

118 740 260 21 morales. Cututes ĩtellectuales dicuneur ille

118 755 260 22 que sunt in intellectu. speculariuo euiusmodi

118 774 259 21 sunt scientie speculatiue: ut naturalis philoso

117 790 256 21 phia  geometria: methaphisica ⁊ cetera  talia:

118 806 260 23 Uirtutes pero simpliciter morales sunt ille: q̃

117 825 261 22 sunt in appetitu siue appetitus ille sit sensiti

118 842 261 22 uus: siue intellectinus: cuiusmodi autem sunt

117 859 261 22 iusticia remperantia: fortitudo: mansuetudo.

118 876 261 26 ⁊cetera talia de quibus sumꝰ singulariter trae

118 895 261 21 taruri. Uirtutes autem medie inter inrellectu

117 913 261 38 dles ⁊ morales sunt uirtutes cristentes in ii

407 160 260 30 tellectu practico ut prudentia ⁊ alie mirtutes

408 181 258 25 sibl annexe. Prudentia autem sed̾m cõmenta

407 202 258 21 torem super libris ethicorum media est inter

408 219 258 23 uirtutes morales ⁊ intellectuales: computari

408 235 258 25 tamen potest cum uirtutibus moralibus: naz

408 251 259 28 prudentia non est nisi in hominibus bonis: si

406 271 260 23 cut nec uirtutes morales: praui enim homines

408 290 259 19 et si possunt esse scienres astuti ⁊ uersipelles.

408 306 258 21 prudentes tamen esse non possinit ut suo los

401 322 263 26 copatebit. Inde est ergo quod dicitut .ui. ethi

400 338 267 25 ⁊corum ꝙ impossibile est prudentem esse non

406 356 260 27 erñrem bonũ. ¶ Dimissis ergo uirtutibꝰ bui

408 375 258 21 usmodi initellectualibus: ut dimissis scienti

408 392 259 22 is speculatiuis: de prudentia: ⁊ de yirtutibus.

407 410 259 21 moralibus est tractandum. Suscepimus enim

407 428 259 21 ut pluries dicimus presens opus non ut scia

409 444 264 24 mus sed ut boni fiamus: que bonitas sine pru

407 460 260 27 dentia ⁊ yirtutibus moralibus nobis inesse ñ

406 480 260 20 ꝑotest ¶ Has auteni uirtutes in inrellectu ⁊

407 497 259 22 appetitu sic esse coutingit dictum est enim uit

405 513 261 22 tutem esse aliquid scd̃m rationem: oportet et-

407 531 261 24 go esse rationalem potentiam in qua potest eẽ

407 548 259 21 uirtus. Rationale autem duplex est sed̾m phi

408 566 260 24 losophum per essentiam ⁊ per participationez

410 580 256 27 Intellectus aurem est rationalis per essentiaz

407 600 260 21 Appetitus uero per participationem: nam ap

407 618 259 22 peritus licet non sit ipse intellectus uel ĩpsa ra

405 635 261 21 tio essentialiter. dicitur tamen participare ras

406 652 260 23 tionem:quia est aptus natus rationi obedire.

406 667 262 24 Porentie autem naturales ⁊ sensus: nec sunt

407 687 260 21 tationales pen essentiam quia nõ sunt ipsa ra

405 704 261 21 tio: nec ratione participant quia per se ⁊ scd̾m

408 721 257 22 quod huiusmodi non obediunt rationi. Igit

407 738 259 22 in sensibus ⁊ in potentiis natura libus ut fu

407 754 260 24 pra dicebatur non habent esse uirtuites: sed so

407 773 252 22 lum esse habent in intellectu ⁊ appetiris ue

406 788 264 26 In nobis autem duplex est appetitus. intellec

406 809 260 22 tiuus ⁊ sensifiuns. Hamn sieur appetitus nacu

406 827 261 20 ralls sequitur formam naturaliter adeptam:

405 843 261 21 sie apperitus cognitiuus sequitur foraz pẽt

405 861 261 20 cognitionem apprehensam. Sicur eniz grauia

405 878 262 24 ex eo. ꝙ habent formam grauis: fequitur ea qͣ

403 893 264 25 dam naturalĩs inclinatio ⁊ quidam appetitus

405 912 263 32 naturalis ut naturaliper desiderẽt esse deorsuz
