904 1249
238 166 275 28 sic babentia cognitionem piout habent ln se

252 192 261 21 lpsis formam appiehensam sequitur quedam

254 211 259 22 melinatio ⁊ quidam appetitus scd̾m formam

253 228 259 21 illam: propter quod sicur in nobis duplex est

253 245 260 22 coguitio sensitiia ⁊ intellectiua:sie etiam est ĩ

253 261 256 23 nobis duplex appetitus yidelicet sensitiuus q

253 279 260 21 sequitur formam apprehensam per sensum: ⁊ ĩ

254 294 259 25 tellectiuus qui sequitur formami apprehensaz

252 314 261 21 per intellectum: Alppetitus autem sensitiuus

253 330 260 22 duplex est. Nam cum anualia sint supra ma

234 349 279 22 nimata si notura elementis ⁊ rebus inanima.

253 362 260 25 tis dedit duplicem potentiam unam per quã

253 380 260 25 tendunt in propriam quietem ⁊ aliam per quã

252 402 262 21 resistunt ⁊ agunt in prohibentia ⁊ incontraria

254 418 259 22 multo magis hane duplicem potentiam natu-

254 435 259 25 ta dedit ipsis animalibus que sunt perfectio.

254 451 260 22 ra illis. Cidemus enim ꝙ ignis naturalirer ẽ

254 467 261 24 calidus et leuis per leuitatem aurem tendit ĩ

254 487 259 22 locum proprium ⁊ in quietem sibi conuenien

254 503 261 23 tem: per caliditatem uero agit in contratia: ne

254 521 260 23 ergo iͥgnis per quecunq contraria agentia im

254 539 261 23 pediretur ne per leuitatem in proprio loco qui

254 555 260 25 esceret dedit ei natura potentiam calefactiuaz

254 571 260 26 ut per eam resisteret ⁊ ageret in contraria cor-

254 591 259 23 ruptiua. Si ergo igni ⁊ rebus inanimaris nã-

254 609 260 21 tura dedit dupłicem potentlam ynam ꝑ quaz

254 625 261 22 adipiscuntur propriam quietem ⁊ aliam ꝑ quã

254 642 261 25 agunt in prohibentia ⁊ cõtraria: multomagis

255 661 260 21 boc dedit auimalibus: tribuit ergo eis dupli

254 677 261 23 rem appeticum sensit̾inum ynum per quẽ cosi

254 696 261 20 sequitur propriam quietem ⁊ propriam delec

254 712 261 23 tationem:ut concupiscibilem ⁊ aliumn per quẽ

256 730 259 21 resistant ⁊ aggrediuntur prohibiriua ux con-

254 746 262 23 traria ut irascibilem. Ita ꝙ concuplscibilis se

254 765 262 21 habet sicur leuitas uel grauicas in leuibus et

256 779 259 25 grauibus. Irascibilis uero se habet quasi cali

253 798 262 24 aitas uel frigiditas in eis:nam sicur grauia ꝑ

250 816 265 21 grauitatem recedunt a loco sursum tanquam

254 834 261 22 a non conueniente: ⁊ tendunt in locum deor

255 851 260 22 sum tanquam ad locum conuenientem ⁊ con

254 867 263 23 formem:per frigiditatem uero resistunt con-

252 881 274 32 trarnsne corrumpantur a propria natura et

254 902 259 23 deseruit propria loca ⁊ propriam quierem.

255 921 262 33 Sic atimalis per concupsscibilem fuguunt ma

539 172 255 24 la tristia ⁊prosequumtur bona delectabilia.

540 188 259 25 Per ĩrascibilem pero aggrediuntur contraria

540 209 259 22 que possent ea ab huiusmodi delecrationibus

540 226 259 23 prohibere:ut leo per concupiscibilez pergir ut

540 244 260 22 prosequatur cibum tanquam quid delectabile

538 259 262 23 per irascibilem yero aggreditur ammalia illa

540 278 259 23 yolentia ĩpsum prohibere in cibo adepto prop

541 296 259 21 ter quod bene dictum est ꝙ concupiscibilis re

541 313 258 21 spicit bonum ⁊ malum sed̾i se: Irascibilis re-

541 331 260 21 to respicit bonum ⁊ tualum inquantum habẽt

541 347 260 21 rationem difficilis ⁊ arduĩ: nam eum bonum

541 364 259 22 scdm se dicat prosequendum malum rero qđ

541 379 258 25 fugiendum. Concupiscibilis que scdm se ten-

541 399 260 21 dit in quierem ⁊ in bona delectabilia : ⁊ fugit

541 417 259 21 mala tristia pro obiecto habet mala ⁊ bona se¬

540 430 259 26 sibilia scd̾m se considerata. Irascibills rero se

541 449 260 25 eundum quam aggredumur ⁊ resistimus prohi

542 468 258 22 bentibus ⁊ nociuis: tendit in bona ⁊ mala sen

542 484 258 24 sibilia non scd̃in se considerata sed ut habẽt ra

542 501 259 24 tionem ardui ⁊ difficilis: nam arduiras ⁊ diffi

542 521 257 21 culras potissime sunt repugnantia ⁊ prohibẽ.

543 539 258 20 tia ne possimus consequi bonum ⁊ uitare ma.

543 553 257 25 lum. Impersecte ergo egisser natura si dedis-

543 573 258 22 ser animalibus concupiscibilem per quam ui-

542 590 259 22 tarent mala ⁊ prosequerentur bona: nisi dedis-

543 607 260 22 set eis irascibilem per quam agrederentur im

542 622 259 24 pedientia delectationem illam: ut igitur ani-

542 641 259 23 malia scdm modum sibi conuenientem prour

542 658 259 25 bene possint delectari per concupiscibilem: da

544 678 258 20 ta est eis irascibilis per quaz resistant ⁊ aggre

542 694 243 21 diantur impedientia delectationem illam.

542 709 259 25 Duplex est ergo appetirus sensitluus irascibiꝰ

543 727 258 23 lis ⁊ concuplscibilis. Appetitus aurem icirel.

544 745 259 22 lectiuus qui dicitur yoluntas remanet indiui

542 760 266 24 sus:nam cum inrellectus yniuersaliori modo

542 781 259 21 respieiat suum obiectum q̃z sensus appetitus:

543 799 258 20 intellectius qui sequitur intellectum yniuer

542 816 260 21 saliori modo fertur in bonum q̃z appetitus se

542 832 259 22 cundum sensum ⁊ quia quanto aliquid sub u

543 850 259 23 niuersaliori modo accipitur tanto pnum ⁊ idẽ

542 870 261 19 existens ad plura se extendit: licer appetitꝰ sen

535 881 265 27 sitiuus sit alius ⁊ alius scdm quem prosequiꝰ

542 901 259 26 mur delectabilia ⁊ sed̾mn quez aggredimur ter

542 918 262 35 tibilia. Appetitus tamen intellectiuus rnus ⁊
