3584 4992
823 446 1129 105 doit loer lome quantil lesa. ⁊ bla

832 546 1093 100 mer qnͣt ila le contraire. Mes pour

829 637 1107 86 bien norrir. ne pour bien estre a creu

821 715 1106 119 ne pour bien ueoir ne pour bien sẽ

821 815 1098 102 tir. nul ne doit estre pͥncipaument

821 904 1104 119 ne blame. ne loe. Sil nest auis que

818 1009 1096 108 partrop boire. ⁊ trop mengier il a

818 1112 1073 102 aquis maladie. par coy teles u̾tuz

818 1200 1109 111 sont empeeschiees en leur euures

804 1272 1126 122 ¶Dont en celes poissances len ne

801 1370 1104 127 doitpas metre les u̾tuz de bones

812 1464 1093 114 enures. ¶La seconde raison si est

810 1572 1090 103 Car les utuz des bonnes euures

812 1664 1104 102 sont chose selonc raison. ⁊ doiuẽt

815 1741 1101 119 estre espoissances de lame qui ob

815 1830 1096 116 eissent a raison. ¶Mes les poissã

812 1930 1102 108 ces natureles. ne les .u. sens de la

815 2035 1118 81 me nobeissent mie aiuison. Car cler

804 2118 1126 100 ueoir. on mauuaisemẽt ueoir nest

812 2207 1071 97 pas pͥncipaument en la poece del

804 2276 1087 111 home ¶Carse li hons a mengie

801 2379 1135 117 ⁊ ne uousist pas estre notri. ni acreu

810 2476 1095 108 si le norriroient ⁊ a croistroient les

810 2562 1054 114 u̾tuz qͥ en lui sunt. Dont en ces

807 2659 1084 114 poissances len ne doit pas metre

810 2745 1101 105 les u̾tus de bones euutes. ¶La tie

801 2850 1118 95 rce tuison si est quar les poissance ᷤᷤ

804 2934 1112 111 natureles. ⁊ les.u. sens del home

807 3034 1057 99 sont encline souffis aument par

807 3120 1095 99 leui nature a faite leur enures. Ne

812 3211 1088 105 par eles nous ne somes ne bons

796 3294 1095 106 ne maunes. Mes les u̾tus des bo

807 3377 1112 95 nes euures enclinent les poissãceᷤᷤ

793 3474 1096 86 de lame ou eles sont a bien faire

801 3552 1124 111 ⁊ les uices les enclinent a mal fere

793 3633 1107 113 ¶Dont les u̾tuz des bones enu̾s

810 3741 1090 127 ne douient pas estre espoissãces

2116 454 1090 111 de lome naturele. ni es .u. sens de

2108 551 1073 106 lome. qui par leur nature sunt ẽ

2099 635 1063 122 cline souffisaument a faire leur

2108 729 1051 116 euures Ce secont chapistre de

2105 823 1054 119 la seconde ꝑtie du p̾mier liure

2105 929 1073 102 enseigne coment les u̾tuz de bo

2111 1020 1065 105 nes enures sõt deuisees ⁊ ꝯmt

2108 1112 1073 80 eles sut ou desir.⁊ en lentende-

2466 1189 732 114 uis que nous ment del

2460 1286 741 103 auons mo nstre home.

2471 1378 705 116 que les uertus des bo

2477 1492 679 74 nes euures ne sont

2466 1575 701 80 pas es pousançes del

2102 1661 1054 88 home nature les. ni es.u. sens

2102 1738 1101 125 del home. ¶Pous dirons. que

2091 1849 1087 92 .ii. manieres de uertus sont les

2094 1941 1073 102 unes qui tendent pͥncipaument

2091 2024 1079 100 aconoissance de uerite. Si cõme

2099 2121 1099 86 la science de natures ⁊ astrenomie

2094 2204 1076 108 ⁊ les autres sciences. ¶Les autͤs

2094 2285 1101 116 u̾tus sont ꝑ qͥ nous faisons bones

2097 2385 1093 113 euures. ⁊ les aquerons ꝑ acoustu

2097 2476 1087 108 mance de biẽ faire. ⁊ sont ou desir

2091 2565 1107 111 del home. si cõme iustice. atemprã

2086 2670 1098 83 ce. force ⁊ debonairete. ⁊ les autres

2091 2753 1068 100 des queles nous dirons ci ap̾s

2083 2834 1082 119 ¶ Et leirons les u̾tus. qui tendẽt

2088 2934 1104 108 pͥncipaument a conoissance deue

2088 3028 1085 94 rite. ⁊ dirons des u̾tus ꝑ qͥ nos fai

2086 3120 1051 108 sons bones enures. Car nous

2088 3208 1096 100 entendons principaument par ces

2091 3294 1071 111 te science q̃ nos soions bons ⁊ di

2088 3386 1099 100 rons q̃ por ce que le desir del home

2086 3458 1095 116 obeist araison.⁊ les u̾tus des bo

2083 3544 1104 122 nes enures sũt chose se lonc rai

2083 3638 1076 103 son. eles sont en lentendement

2080 3721 1090 150 de lhome ⁊ ou desir. ¶Mes nous
