3508 2479
391 192 573 61 stiua digereix aquella substancia.ço

392 235 570 54 es ab  la  unitiua e disponent la per

393 271 571 56 a poder se cõuertir en lo cors q̃ en¬

393 315 568 55 gẽra La expulsiua es ꝑ a lançar las

392 352 567 54 super fluitats q̃ nos poden cõuertir

392 395 572 49 en substãcia del cors.¶Dela anima

393 436 569 48 sensitiua q̃ es en los animals q̃sen¬

393 472 572 54 ten quant son tocats: son duas po¬

391 513 574 59 tencias principals. ço es apprensi¬

392 553 572 58 ua e motiua. La  aprensiua se diui¬

393 599 573 51 deix en duas specias.ço es en exte¬

391 636 575 55 riore interior.La apprensiua exte

392 673 570 59 rior te cinch potẽcias.ço es uisiua¬

392 716 574 52 auditiua odoratiua gustatiua/e tac

391 757 573 52 ctatiua .las quals se dien los cinch

392 798 570 51 senys corporals.La  apprensiua in

393 838 572 53 terior te altres cinch specias. ço es

391 880 575 56 seny comu, imaginatiua extimati-

389 919 575 51 ua  fãtasia e memoria. las quals se

391 957 571 56 dien los cinch senys interiors. E a¬

389 995 573 57 questas son en  lo  ceruell del animal

389 1035 570 57 lo qual es diuisit en tres parts. co

391 1076 568 58 es primera segona derrera. La pri

388 1116 571 56 meraes en  lo  front. La segona en

388 1156 556 57 mig del cap. La derrera en lo toc.

387 1198 574 51 EEn  la p̾mera se  aiustan los.u.niruis

387 1238 571 49 dels.u.senys exteriors. ꝑlos quals

387 1279 572 54 niruis uan  las specias apresas ꝑlos

388 1319 570 49 senys exteriors fins al seny comu:

388 1356 569 52 qui sta alli hon se aiustã los niruis.

392 1400 566 57 ab tot q̃ plato diga q̃ lo seny comu

388 1439 567 52 sta en  lo  cor.pero  la  opinio del cap

385 1480 572 54 tenen los mes.e ꝑço diu seny comu

389 1521 566 57 ꝑque reb totas las specias. E aq̃sta

389 1563 570 52 potẽcia de seny comu es calda e se¬

387 1601 568 51 ca. e perço  facilmẽt reb las specias

387 1640 570 51 axicõ  la  cera calẽta q̃ reb millor la

388 1681 569 54 emprempta:q̃ com es freda. En la

387 1722 570 55 segona part del ceruell stã duas po¬

387 1762 571 57 tencias.ço es ymaginatiua  la qual

388 1804 569 56 sta en  lo  principi dela segona part

387 1844 568 49 cõiuncta ab  lo seny comu:e estima¬

388 1882 567 52 tiua q̃sta en  la  fi de aquesta segona

388 1923 569 58 part. n  la  derrera part del ceruell

388 1963 566 56 son duas potẽcias. co es fantasia  e

387 2003 570 57 memoria.fantasia  en  lo  principi e

388 2042 569 78 memoria en la fi. La part dela me

1017 190 566 51 moria es pegalosa  freda.e per çosi

1021 227 562 52 aturan tant  las specias. E  la  causa

1023 269 563 56 ꝑque uns homẽs tenen mes recort

1021 308 565 51 q̃ altres:es ꝑque tenen aq̃sta poten

1020 347 569 51 cia mes pegalosa. La  potẽcia mo¬

1021 389 567 51 tiua se diuideix en duas potẽcias.

1023 435 565 49 ço es appetitiua e executiua  La ap

1026 468 562 55 petitiua mou  lo  animal a desiiar lo

1023 509 563 57 q̃ uol. E aq̃sta te duas potẽcias. ço

1021 553 571 47 es cõcupiscibla e irascibla.La  con¬

1021 593 569 47 cupiscibla nos mou a ꝓseguir lo ob¬

1023 634 566 47 iecte ꝑ quel posseiscam quant es lo

1021 673 569 47 obiecte concorde ablo appetit.La

1021 713 571 48 irascibla nos mou a resistir al obie¬

1023 753 567 48 cte mal destroint  lo  o fugint li.La

1021 791 569 51 executiua es una  potencia, quins fa

1021 833 569 49 exercir  lo  mouimẽtq̃ ha fet en nos¬

1021 873 569 53 altres.La appetitiua ꝑ rao dela cõ

1020 910 570 52 cupiscibla o irascibla.e aq̃sta te tres

1020 955 569 53 potencias. ço es natural uital e ani

1020 992 568 53 mal. La potẽcia natural es aq̃lla:q̃

1020 1038 568 48 esten  lo sperit natural ꝓceint dl cor

1020 1076 566 49 ꝑtotas  las uenas del cors nodrint

1017 1112 571 53 lo e faent  lo  uiure. Car segons con¬

1019 1152 567 50 sta en  lo libre de differẽcia de sperit

1017 1191 569 54 e aĩa:sperit es un uapor suptil pro¬

1019 1235 566 52 ceint del cor estenent se ꝑtotas las

1021 1280 564 49 uenas del cors. E ab tot largamẽt

1020 1316 563 54 prenem sperit ꝑ tota cosa no corpo

1017 1353 565 60 rea ço es angel anima  dyable:pero

1019 1397 564 54 propriament parlant sperit es lo q̃

1017 1437 566 50 hauem diffinit. Mas lo  sperit sant

1017 1479 568 52 es un  ligament de amor ꝓceint del

1019 1525 566 47 pare e del fill ensemps.e perço aq̃st

1016 1563 570 51 sperit se diu  la ter ça ꝑsona en trini-

1016 1596 567 53 tat segõs  lo  mestre  largamẽt tracta

1017 1636 566 55 en  lo  primer delas sentẽcias distin¬

1016 1676 565 53 ctio.xxxii. E aquest sperit no es la

1016 1717 565 54 aĩa sino  una  uapor q̃ ix dela sanch q̃

1016 1761 565 48 sta entorn del cor. La potẽcia uital

1015 1800 566 48 es aquella que mou los polcos e tã

1015 1839 566 50 be porta aquest sperit ꝑ las uenas:

1017 1882 562 51 uiuificant lo cors. La potẽcia ani-

1012 1925 567 45 mal es aq̃lla q̃ mou tot lo cors. aço

1015 1961 566 53 fahent puiar aq̃stsperit fins al cer¬

1015 2006 563 50 uell.e fal estendre per tots los nir¬

1012 2049 566 66 uis.E si en los paralitichs e a fola

2002 210 566 58 lats alguns membres no podẽ exer

2003 257 565 55 cir sa  operacio:es ꝑque en lo  nirui

2002 293 565 56 de aquell membre fall aquest sperit

2003 337 564 52 empat xat ꝑ qualque causa de indis

2001 375 564 54 posicio de aquell nirui.¶La aĩa in

2001 420 566 53 tellectiua te duas potencias. çoes

1999 458 565 51 cognitiua e uolitiua. La cognitiua

1997 501 566 47 te quatre pot ẽcias entenimẽt agẽt

1995 537 566 52 entenimẽt passible enteniment spe

1995 578 565 51 culat iu entenimẽt pratich.e totas

1995 615 562 54 aq̃stas quatre potẽcias serueixen ꝑ

1994 659 566 47 al acte del entendre. ¶Lo  enteni

1992 696 568 54 mẽt agẽt illumina  la similitut de

1994 732 551 57 las cosas per poder  las appendre.

1997 776 557 54 Lentenimẽt passible es que entra

1991 818 566 49 per los senys e ꝑco es cõparat al sol

1991 859 565 48 que axicom nosaltres ꝑ dispost que

1991 897 565 50 tengam lull no poriam res ueure si

1991 937 566 50 no miian cãt la  lum:axi lentenimẽt

1991 972 563 56 passible no poria entẽdre  las cosas

1988 1017 566 50 sens  la illuminacio del enteniment

1990 1057 563 51 agẽt Entenimẽt passible se diu  lo q̃

1987 1099 566 48 reb en si las similituts tramesas per

1988 1136 565 52 los senys e illuminades per lenteni

1987 1174 566 55 ment agent. E diu se passible per q̃

1987 1220 565 51 reblas similituts. Car rebre o esser

1987 1262 563 53 impressa alguna cosa en altra: es

1987 1301 569 50 sofferir.e sofferir es passio. ¶Ente

1987 1340 566 55 niment speculatiu es  lo  mateix pas

1986 1378 566 52 sible. E diu se speculatiu:perq̃ enten

1986 1424 562 49 aquella specia en ell impressa. E es

1986 1462 562 51 enses passible e speculatiu pero en

1984 1495 568 52 diuersos esguarts. Car es passible

1983 1541 567 48 en quãt reb las specias e speculatiu

1983 1579 566 51 en quãt las entẽ.¶Entenimẽt pra¬

1983 1620 566 47 tich es  lo  mateix speculatiu. E diu

1983 1656 565 54 se pratich perq̃ enten  la  differencia

1984 1703 562 46 delas cosas entenẽt com son diuer

1981 1743 567 51 sas  las  unas delas altras.E mes se

1983 1780 562 54 diu pratich perq̃  la  fi sua es obrar e

1983 1822 565 55 no sols ent ẽdre. E perço diu lo phi¬

1983 1856 563 55 losoph en  lo  terc de aĩa quel enteni

1981 1900 564 54 mẽt pratich differeix del speculatiu

1981 1941 561 49 en  la  fi. Car  la  fi del speculatiu es

1983 1981 559 49 entendre:e la  del pratich obrar: E

1983 2019 560 55 lo discernir q̃ lenteniment pratich

1984 2054 565 75 fa en  los cosas es ꝓpriamẽt discre¬

2627 227 565 58 cĩo.ab tot uulgarment no dien dis¬

2626 265 562 60 crets sino los q̃ en  lo  tal discernir p̃¬

2625 311 562 59 nen  la  bona part. Car lespeculatiu

2623 352 562 57 solamẽt enten ses fer differencia ḋ

2625 388 559 63 ynas a  las altres sino que es home

2622 425 563 63 pedra e fust cascu ensi. E aq̃sta ma¬

2621 471 563 53 nera dentendre diẽ los doctors no¬

2619 506 563 64 ticia p̃scisiua.ço es en si sens mes al

2619 546 562 61 largarse. mas  lo pratich segons dit

2616 592 565 55 es enten  la diuersitat delas cosas.E

2616 629 564 62 a aq̃sta manera dentẽdre diẽ los do

2615 669 566 62 ctors noticia diuisiua ꝑq̃ diuideix

2619 705 561 68 unas cosas daltres. E alguns a aq̃l

2616 742 564 67 la noticia dien praxis. lo  qual uoca

2616 783 564 68 ble es greche uol dir noticia pra¬

2614 826 566 65 ctica. Mas  lo  contrari diu lo Scot

2614 870 564 59 en  lo p̾mer delas sentẽcias enlo ꝓ¬

2612 906 566 64 lech diẽt que cõ peccat sia en lacte

2614 946 563 62 dela noticia practica: seguir sia q̃

2612 990 566 55 sols ꝑentẽdre q̃ es luxuria o suꝑbia

2612 1030 566 59 o altres peccats peccariẽ. la q̃l co¬

2612 1067 565 60 sa es falsa e cõtra determinacio de

2609 1104 569 62 tots los sancts doctors.Car  lo  pec

2609 1144 567 58 car sta en los actes pratichs dela

2614 1181 563 59 uolũtat e no del entenimẽt. E aq̃st

2607 1225 569 66 entenimẽt pratich te tres potẽcias

2609 1267 565 55 çoes sinderesis rao e cõsciẽcia. Sin

2609 1309 567 55 deresis es una potenciaq̃ iutia q̃ al¬

2608 1352 566 52 gun mal nos deu fer La rao es una

2608 1388 566 59 potẽcia q̃ discernint entre be e mal

2609 1432 564 54 coneix cascu. cõscĩa es una potẽcia

2609 1466 564 58 q̃ ordena q̃ aq̃st o aq̃ll mal en quãt

2608 1510 565 51 son particulars:nos deu fer. Car la

2607 1546 566 62 sinderesis solamẽt diu en uniuersal

2608 1587 562 62 q̃ mal nos deu fer.La  potẽcia uolu

2607 1627 562 62 tiua se diuideix en duas potencias

2607 1667 562 57 ço es uolũtat e frãch arbitre La  yo

2605 1705 564 63 lũtat es una  potẽcia,q̃ uol les coses

2604 1751 563 53 q̃lentenimẽt conex esser bonas. cõ

2603 1786 567 62 ella no uulla mal sino ꝑaccidẽt.axi

2603 1827 566 63 cõ uolẽt lacte ḋ luxuria o daltre pec

2604 1871 563 58 cat ꝑ  la delectacio q̃ es en aq̃ll acte

2604 1914 565 54 e perque lo  peccat es inseparable d

2604 1948 566 57 aquella delectacio  uolent  la  deleca

2603 1990 564 55 tacio:uolen per accident lo  peccat

2603 2030 563 50 E aquesta potencia te dos actes.

2600 2069 566 61 ço: es elicit,e imperat. Acte elicit
