<?xml version="1.0" encoding="UTF-8"?>
<alto xmlns:xsi="http://www.w3.org/2001/XMLSchema-instance"
      xmlns="http://www.loc.gov/standards/alto/ns-v4#"
      xsi:schemaLocation="http://www.loc.gov/standards/alto/ns-v4# http://www.loc.gov/standards/alto/v4/alto-4-2.xsd">
  <Description>
    <MeasurementUnit>pixel</MeasurementUnit>
    <sourceImageInformation>
      <fileName>Valencia-BH-Ms-0594.pdf_page_6.png</fileName>
      <fileIdentifier>pdf//Valencia-BH-Ms-0594.pdf</fileIdentifier>
    </sourceImageInformation>
  </Description>
  
  <Tags>
    <OtherTag ID="BT1" LABEL="Title" DESCRIPTION="block type Title"/><OtherTag ID="BT2" LABEL="Main" DESCRIPTION="block type Main"/><OtherTag ID="BT3" LABEL="Commentary" DESCRIPTION="block type Commentary"/><OtherTag ID="BT4" LABEL="Illustration" DESCRIPTION="block type Illustration"/><OtherTag ID="BT15270" LABEL="DamageZone" DESCRIPTION="block type DamageZone"/><OtherTag ID="BT15271" LABEL="DecorationZone" DESCRIPTION="block type DecorationZone"/><OtherTag ID="BT15272" LABEL="DigitizationArtefactZone" DESCRIPTION="block type DigitizationArtefactZone"/><OtherTag ID="BT15273" LABEL="DropCapitalZone" DESCRIPTION="block type DropCapitalZone"/><OtherTag ID="BT15274" LABEL="MainZone" DESCRIPTION="block type MainZone"/><OtherTag ID="BT15275" LABEL="MarginTextZone" DESCRIPTION="block type MarginTextZone"/><OtherTag ID="BT15276" LABEL="MusicZone" DESCRIPTION="block type MusicZone"/><OtherTag ID="BT15277" LABEL="NumberingZone" DESCRIPTION="block type NumberingZone"/><OtherTag ID="BT15278" LABEL="QuireMarksZone" DESCRIPTION="block type QuireMarksZone"/><OtherTag ID="BT15279" LABEL="RunningTitleZone" DESCRIPTION="block type RunningTitleZone"/><OtherTag ID="BT15280" LABEL="SealZone" DESCRIPTION="block type SealZone"/><OtherTag ID="BT15281" LABEL="StampZone" DESCRIPTION="block type StampZone"/><OtherTag ID="BT15282" LABEL="TableZone" DESCRIPTION="block type TableZone"/><OtherTag ID="BT15283" LABEL="TitlePageZone" DESCRIPTION="block type TitlePageZone"/><OtherTag ID="BT15284" LABEL="text" DESCRIPTION="block type text"/><OtherTag ID="BT15285" LABEL="text" DESCRIPTION="block type text"/><OtherTag ID="BT15286" LABEL="text" DESCRIPTION="block type text"/>
    <OtherTag ID="LT1" LABEL="Main" DESCRIPTION="line type Main"/><OtherTag ID="LT2" LABEL="Numbering" DESCRIPTION="line type Numbering"/><OtherTag ID="LT3" LABEL="Correction" DESCRIPTION="line type Correction"/><OtherTag ID="LT4" LABEL="Signature" DESCRIPTION="line type Signature"/><OtherTag ID="LT6443" LABEL="DefaultLine" DESCRIPTION="line type DefaultLine"/><OtherTag ID="LT6444" LABEL="DropCapitalLine" DESCRIPTION="line type DropCapitalLine"/><OtherTag ID="LT6445" LABEL="HeadingLine" DESCRIPTION="line type HeadingLine"/><OtherTag ID="LT6446" LABEL="InterlinearLine" DESCRIPTION="line type InterlinearLine"/><OtherTag ID="LT6447" LABEL="default" DESCRIPTION="line type default"/><OtherTag ID="LT6448" LABEL="default" DESCRIPTION="line type default"/><OtherTag ID="LT6449" LABEL="default" DESCRIPTION="line type default"/><OtherTag ID="LT6455" LABEL="HeadingLine:rubric" DESCRIPTION="line type HeadingLine:rubric"/>
  </Tags>
  
  <Layout>
    <Page WIDTH="2479"
          HEIGHT="3508"
          PHYSICAL_IMG_NR="5"
          ID="eSc_dummypage_">
      <PrintSpace HPOS="0"
                  VPOS="0"
                  WIDTH="2479"
                  HEIGHT="3508">
        
        <TextBlock HPOS="202"
                   VPOS="514"
                   WIDTH="715"
                   HEIGHT="2087"
                   ID="eSc_textblock_b786b792"
                   TAGREFS="BT15274">
          <Shape><Polygon POINTS="243 514 894 514 917 553 917 2562 878 2593 257 2601 210 2539 202 686 243 514"/></Shape>
          
          
          <TextLine ID="eSc_line_768ace8c"
                    TAGREFS="LT6443"
                    BASELINE="255 619 578 602 902 602" 
                    HPOS="251"
                    VPOS="526"
                    WIDTH="651"
                    HEIGHT="117">
            <Shape><Polygon POINTS="255 619 255 643 469 625 641 625 826 627 828 627 900 613 902 602 898 532 691 541 686 535 680 532 680 530 678 530 676 530 674 530 672 530 654 535 648 537 645 535 611 526 610 526 608 526 539 537 530 539 514 539 419 532 417 532 415 532 395 541 378 551 327 543 280 535 278 535 276 535 251 543 255 619"/></Shape>
	    <String CONTENT="sum. Sic hncia cognicioĩ pro"
                    HPOS="251"
                    VPOS="526"
                    WIDTH="651"
                    HEIGHT="117"
                    WC="0.9404461260499626"></String>
          </TextLine>

          
          
          <TextLine ID="eSc_line_322649e6"
                    TAGREFS="LT6443"
                    BASELINE="253 680 888 664" 
                    HPOS="251"
                    VPOS="610"
                    WIDTH="637"
                    HEIGHT="91">
            <Shape><Polygon POINTS="253 680 253 701 650 686 684 686 853 691 855 691 857 691 888 678 888 664 882 610 797 621 756 611 750 611 748 611 746 611 742 613 715 625 251 625 253 680"/></Shape>
	    <String CONTENT="ut ħnt in se ip̃is formã app̾"
                    HPOS="251"
                    VPOS="610"
                    WIDTH="637"
                    HEIGHT="91"
                    WC="0.9862026651700337"></String>
          </TextLine>

          
          
          <TextLine ID="eSc_line_fa9466e0"
                    TAGREFS="LT6443"
                    BASELINE="255 746 571 732 890 728" 
                    HPOS="253"
                    VPOS="674"
                    WIDTH="637"
                    HEIGHT="93">
            <Shape><Polygon POINTS="255 746 255 767 442 756 483 760 532 763 533 763 535 763 537 763 537 762 539 762 543 756 547 752 650 752 865 754 867 754 869 754 890 742 890 728 884 674 816 687 253 693 255 746"/></Shape>
	    <String CONTENT="hensam. sequitin quedam ĩ"
                    HPOS="253"
                    VPOS="674"
                    WIDTH="637"
                    HEIGHT="93"
                    WC="0.9987441759843093"></String>
          </TextLine>

          
          
          <TextLine ID="eSc_line_4969e003"
                    TAGREFS="LT6443"
                    BASELINE="257 810 884 791" 
                    HPOS="253"
                    VPOS="748"
                    WIDTH="631"
                    HEIGHT="88">
            <Shape><Polygon POINTS="257 810 257 836 584 816 682 816 845 818 847 818 849 818 884 806 884 791 878 748 253 756 257 810"/></Shape>
	    <String CONTENT="dinacio. et quidam appetitꝰ."
                    HPOS="253"
                    VPOS="748"
                    WIDTH="631"
                    HEIGHT="88"
                    WC="0.976929746568203"></String>
          </TextLine>

          
          
          <TextLine ID="eSc_line_a6ae9cdc"
                    TAGREFS="LT6443"
                    BASELINE="251 875 894 857" 
                    HPOS="249"
                    VPOS="795"
                    WIDTH="645"
                    HEIGHT="103">
            <Shape><Polygon POINTS="251 875 251 898 463 886 510 888 606 894 608 894 668 882 670 882 672 882 709 890 711 890 713 890 715 890 715 888 724 880 804 888 806 888 808 888 841 877 863 886 865 886 867 886 869 886 894 873 894 857 888 795 804 812 611 802 594 802 592 802 522 804 520 804 516 804 479 822 419 822 391 810 389 810 387 810 286 826 249 814 251 875"/></Shape>
	    <String CONTENT="scom formã illã ꝓpt̾ ꝙ sicut ẽ"
                    HPOS="249"
                    VPOS="795"
                    WIDTH="645"
                    HEIGHT="103"
                    WC="0.9892457886175676"></String>
          </TextLine>

          
          
          <TextLine ID="eSc_line_e55106bc"
                    TAGREFS="LT6443"
                    BASELINE="251 933 902 921" 
                    HPOS="249"
                    VPOS="869"
                    WIDTH="653"
                    HEIGHT="87">
            <Shape><Polygon POINTS="251 933 251 956 687 941 713 943 789 949 791 949 902 935 902 921 898 882 839 869 838 869 836 869 791 882 756 871 754 871 752 871 689 882 656 873 654 873 652 873 650 873 648 873 629 884 467 875 465 875 463 875 430 888 360 877 358 877 249 892 251 933"/></Shape>
	    <String CONTENT="ui nb̃ dupłx cognicio sensiti"
                    HPOS="249"
                    VPOS="869"
                    WIDTH="653"
                    HEIGHT="87"
                    WC="0.9678569579946583"></String>
          </TextLine>

          
          
          <TextLine ID="eSc_line_7b3b14c5"
                    TAGREFS="LT6443"
                    BASELINE="251 1001 572 988 898 984" 
                    HPOS="249"
                    VPOS="927"
                    WIDTH="649"
                    HEIGHT="98">
            <Shape><Polygon POINTS="251 1001 251 1025 898 999 898 984 896 945 863 927 861 927 859 927 734 947 689 931 687 931 686 931 528 951 465 937 463 937 461 937 385 956 358 947 356 947 354 947 249 960 251 1001"/></Shape>
	    <String CONTENT="ua et intsctiua sic̃ ẽ in nob̃."
                    HPOS="249"
                    VPOS="927"
                    WIDTH="649"
                    HEIGHT="98"
                    WC="0.9670687336474657"></String>
          </TextLine>

          
          
          <TextLine ID="eSc_line_dcd2c866"
                    TAGREFS="LT6443"
                    BASELINE="247 1066 892 1050" 
                    HPOS="245"
                    VPOS="997"
                    WIDTH="647"
                    HEIGHT="102">
            <Shape><Polygon POINTS="247 1066 247 1087 325 1099 327 1099 329 1099 331 1099 352 1085 354 1085 397 1085 424 1085 471 1095 473 1095 475 1095 477 1095 477 1093 491 1081 493 1081 500 1081 594 1091 596 1091 598 1091 645 1077 648 1077 660 1089 662 1089 664 1089 666 1091 730 1091 730 1089 859 1085 861 1085 892 1071 892 1050 886 1009 822 1009 799 997 797 997 795 997 746 999 744 999 742 999 742 1001 730 1011 728 1011 335 1009 333 1009 331 1009 329 1009 311 1023 307 1025 245 1025 247 1066"/></Shape>
	    <String CONTENT="dupłx appetitus. indelicet"
                    HPOS="245"
                    VPOS="997"
                    WIDTH="647"
                    HEIGHT="102"
                    WC="0.9858445387620193"></String>
          </TextLine>

          
          
          <TextLine ID="eSc_line_00b9d819"
                    TAGREFS="LT6443"
                    BASELINE="255 1132 896 1118" 
                    HPOS="253"
                    VPOS="1075"
                    WIDTH="643"
                    HEIGHT="86">
            <Shape><Polygon POINTS="255 1132 255 1155 343 1161 344 1161 346 1161 368 1151 383 1143 528 1142 555 1145 617 1155 619 1155 621 1155 623 1155 643 1142 647 1140 656 1142 709 1153 711 1153 896 1132 896 1118 892 1075 344 1075 343 1075 341 1075 339 1075 339 1077 337 1077 331 1085 276 1077 274 1077 272 1077 253 1085 255 1132"/></Shape>
	    <String CONTENT="sensitiuus qui sequitur"
                    HPOS="253"
                    VPOS="1075"
                    WIDTH="643"
                    HEIGHT="86"
                    WC="0.9858533584553263"></String>
          </TextLine>

          
          
          <TextLine ID="eSc_line_ac7c82f1"
                    TAGREFS="LT6443"
                    BASELINE="253 1194 896 1181" 
                    HPOS="251"
                    VPOS="1128"
                    WIDTH="645"
                    HEIGHT="101">
            <Shape><Polygon POINTS="253 1194 253 1218 286 1218 288 1218 298 1227 298 1229 300 1229 302 1229 304 1229 305 1229 331 1218 344 1214 510 1218 676 1223 678 1223 680 1223 689 1218 713 1208 742 1218 752 1221 754 1221 756 1221 758 1221 767 1218 797 1208 822 1218 826 1220 828 1220 830 1220 896 1218 896 1181 890 1128 797 1142 682 1136 643 1134 641 1134 639 1134 631 1138 613 1145 576 1140 553 1136 551 1136 549 1136 537 1142 522 1147 457 1143 374 1140 372 1140 251 1151 253 1194"/></Shape>
	    <String CONTENT="formã apprehensam per sẽ"
                    HPOS="251"
                    VPOS="1128"
                    WIDTH="645"
                    HEIGHT="101"
                    WC="0.9795964406086848"></String>
          </TextLine>

          
          
          <TextLine ID="eSc_line_330c2ee5"
                    TAGREFS="LT6443"
                    BASELINE="255 1258 896 1249" 
                    HPOS="253"
                    VPOS="1198"
                    WIDTH="643"
                    HEIGHT="86">
            <Shape><Polygon POINTS="255 1258 255 1280 578 1270 584 1272 602 1284 604 1284 606 1284 608 1284 610 1284 633 1272 637 1272 762 1282 763 1282 894 1264 896 1249 892 1210 808 1198 806 1198 804 1198 762 1210 514 1202 512 1202 331 1214 274 1206 272 1206 270 1206 268 1206 253 1214 255 1258"/></Shape>
	    <String CONTENT="sum intellectinis qui seqͥt̾"
                    HPOS="253"
                    VPOS="1198"
                    WIDTH="643"
                    HEIGHT="86"
                    WC="0.9874170933450971"></String>
          </TextLine>

          
          
          <TextLine ID="eSc_line_d4b453d1"
                    TAGREFS="LT6443"
                    BASELINE="255 1319 898 1311" 
                    HPOS="253"
                    VPOS="1260"
                    WIDTH="645"
                    HEIGHT="84">
            <Shape><Polygon POINTS="255 1319 255 1336 265 1344 266 1344 268 1344 270 1344 389 1334 409 1344 411 1344 413 1344 571 1331 586 1331 598 1331 732 1340 734 1340 896 1327 898 1311 892 1272 687 1272 680 1270 645 1260 643 1260 641 1260 639 1260 613 1270 611 1270 604 1270 520 1262 518 1262 516 1262 514 1262 502 1270 493 1274 253 1270 255 1319"/></Shape>
	    <String CONTENT="formã apprehensam per in"
                    HPOS="253"
                    VPOS="1260"
                    WIDTH="645"
                    HEIGHT="84"
                    WC="0.9950204515457153"></String>
          </TextLine>

          
          
          <TextLine ID="eSc_line_d3e1702c"
                    TAGREFS="LT6443"
                    BASELINE="253 1383 902 1372" 
                    HPOS="251"
                    VPOS="1319"
                    WIDTH="651"
                    HEIGHT="90">
            <Shape><Polygon POINTS="253 1383 253 1407 387 1399 419 1403 465 1409 467 1409 555 1399 590 1395 625 1397 740 1403 742 1403 744 1403 769 1393 857 1401 859 1401 861 1401 902 1387 902 1372 898 1331 791 1319 789 1319 787 1319 738 1333 736 1333 719 1333 454 1329 452 1329 381 1338 362 1327 360 1327 358 1327 356 1327 270 1329 268 1329 266 1329 251 1336 253 1383"/></Shape>
	    <String CONTENT="dsctum.Appetitus aut̾e sẽsi"
                    HPOS="251"
                    VPOS="1319"
                    WIDTH="651"
                    HEIGHT="90"
                    WC="0.9754443296364376"></String>
          </TextLine>

          
          
          <TextLine ID="eSc_line_ffc3928b"
                    TAGREFS="LT6443"
                    BASELINE="251 1444 904 1434" 
                    HPOS="249"
                    VPOS="1383"
                    WIDTH="655"
                    HEIGHT="94">
            <Shape><Polygon POINTS="251 1444 251 1467 450 1461 454 1463 465 1473 465 1475 467 1475 469 1475 471 1477 510 1477 510 1475 512 1475 557 1461 561 1459 561 1461 574 1471 574 1473 576 1473 578 1473 580 1475 641 1475 641 1473 643 1473 684 1457 699 1471 701 1471 703 1471 705 1473 769 1473 769 1471 771 1471 773 1471 793 1457 851 1469 853 1469 855 1469 904 1451 904 1434 900 1395 760 1383 758 1383 756 1383 754 1383 734 1397 730 1399 664 1399 664 1397 635 1385 633 1385 631 1385 629 1385 590 1399 588 1399 576 1387 574 1387 572 1387 571 1387 569 1387 549 1397 502 1387 500 1387 498 1387 473 1401 471 1401 463 1401 368 1389 366 1389 249 1403 251 1444"/></Shape>
	    <String CONTENT="tis dupłx ẽ. Nam cũ ani"
                    HPOS="249"
                    VPOS="1383"
                    WIDTH="655"
                    HEIGHT="94"
                    WC="0.9490431308746338"></String>
          </TextLine>

          
          
          <TextLine ID="eSc_line_cb7d9c98"
                    TAGREFS="LT6443"
                    BASELINE="251 1514 902 1500" 
                    HPOS="249"
                    VPOS="1449"
                    WIDTH="653"
                    HEIGHT="92">
            <Shape><Polygon POINTS="251 1514 251 1535 522 1541 524 1541 582 1529 584 1529 586 1529 617 1539 619 1539 621 1539 623 1539 625 1539 637 1527 639 1527 656 1527 802 1535 804 1535 900 1522 902 1500 898 1463 726 1463 676 1449 674 1449 672 1449 670 1449 668 1449 668 1451 656 1463 586 1463 539 1451 537 1451 535 1451 533 1451 493 1467 434 1453 432 1453 430 1453 428 1453 409 1465 343 1455 341 1455 339 1455 302 1473 278 1463 276 1463 274 1463 272 1463 249 1473 251 1514"/></Shape>
	    <String CONTENT="malias sint supra ĩ anima"
                    HPOS="249"
                    VPOS="1449"
                    WIDTH="653"
                    HEIGHT="92"
                    WC="0.971630898805765"></String>
          </TextLine>

          
          
          <TextLine ID="eSc_line_3ecb6c1c"
                    TAGREFS="LT6443"
                    BASELINE="253 1576 894 1570" 
                    HPOS="251"
                    VPOS="1520"
                    WIDTH="643"
                    HEIGHT="81">
            <Shape><Polygon POINTS="253 1576 253 1601 469 1590 553 1596 623 1600 625 1600 656 1592 680 1588 728 1592 824 1598 826 1598 892 1586 894 1570 890 1531 680 1520 678 1520 676 1520 674 1520 656 1531 569 1522 567 1522 251 1535 253 1576"/></Shape>
	    <String CONTENT="ta.Si natura elemẽtis et re"
                    HPOS="251"
                    VPOS="1520"
                    WIDTH="643"
                    HEIGHT="81"
                    WC="0.9777552549328122"></String>
          </TextLine>

          
          
          <TextLine ID="eSc_line_ca6400b2"
                    TAGREFS="LT6443"
                    BASELINE="255 1644 902 1631" 
                    HPOS="253"
                    VPOS="1580"
                    WIDTH="649"
                    HEIGHT="90">
            <Shape><Polygon POINTS="255 1644 255 1660 272 1670 274 1670 276 1670 625 1652 711 1662 713 1662 863 1658 865 1658 902 1644 902 1631 898 1590 736 1580 734 1580 732 1580 695 1592 555 1584 553 1584 294 1600 272 1590 270 1590 268 1590 266 1590 265 1590 253 1598 255 1644"/></Shape>
	    <String CONTENT="bus in ammatis dedit poten"
                    HPOS="253"
                    VPOS="1580"
                    WIDTH="649"
                    HEIGHT="90"
                    WC="0.9714128031180456"></String>
          </TextLine>

          
          
          <TextLine ID="eSc_line_05802dd8"
                    TAGREFS="LT6443"
                    BASELINE="251 1705 902 1699" 
                    HPOS="249"
                    VPOS="1648"
                    WIDTH="653"
                    HEIGHT="84">
            <Shape><Polygon POINTS="251 1705 251 1732 362 1722 489 1728 613 1732 615 1732 617 1732 650 1724 664 1720 703 1722 843 1730 845 1730 900 1716 902 1699 900 1660 871 1648 869 1648 867 1648 779 1658 711 1648 709 1648 707 1648 666 1660 249 1664 251 1705"/></Shape>
	    <String CONTENT="ciam unã ꝑ quam tendũt ĩ"
                    HPOS="249"
                    VPOS="1648"
                    WIDTH="653"
                    HEIGHT="84"
                    WC="0.972947257536429"></String>
          </TextLine>

          
          
          <TextLine ID="eSc_line_1fdda649"
                    TAGREFS="LT6443"
                    BASELINE="253 1775 900 1765" 
                    HPOS="251"
                    VPOS="1711"
                    WIDTH="649"
                    HEIGHT="95">
            <Shape><Polygon POINTS="253 1775 253 1806 463 1792 514 1798 533 1800 535 1800 537 1800 539 1800 541 1798 553 1791 584 1796 613 1800 615 1800 664 1792 701 1789 744 1791 838 1796 839 1796 898 1785 900 1765 896 1724 775 1711 773 1711 771 1711 769 1711 752 1724 666 1713 664 1713 602 1726 598 1726 572 1726 298 1718 296 1718 251 1728 253 1775"/></Shape>
	    <String CONTENT="ꝓpriã quictem. et aliam per"
                    HPOS="251"
                    VPOS="1711"
                    WIDTH="649"
                    HEIGHT="95"
                    WC="0.9880289073501315"></String>
          </TextLine>

          
          
          <TextLine ID="eSc_line_2dfc40c7"
                    TAGREFS="LT6443"
                    BASELINE="255 1837 896 1828" 
                    HPOS="253"
                    VPOS="1781"
                    WIDTH="643"
                    HEIGHT="80">
            <Shape><Polygon POINTS="255 1837 255 1853 469 1861 471 1861 617 1849 641 1847 654 1847 738 1857 740 1857 894 1843 896 1828 892 1789 508 1781 506 1781 253 1796 255 1837"/></Shape>
	    <String CONTENT="quam resistunt et agunt in"
                    HPOS="253"
                    VPOS="1781"
                    WIDTH="643"
                    HEIGHT="80"
                    WC="0.9986614149350387"></String>
          </TextLine>

          
          
          <TextLine ID="eSc_line_19acb222"
                    TAGREFS="LT6443"
                    BASELINE="255 1898 896 1892" 
                    HPOS="253"
                    VPOS="1839"
                    WIDTH="643"
                    HEIGHT="88">
            <Shape><Polygon POINTS="255 1898 257 1927 313 1913 424 1923 463 1925 465 1925 598 1917 728 1909 767 1911 857 1919 859 1919 861 1919 896 1907 896 1892 892 1849 728 1839 726 1839 678 1849 672 1851 253 1851 255 1898"/></Shape>
	    <String CONTENT="prohibencia et contraria"
                    HPOS="253"
                    VPOS="1839"
                    WIDTH="643"
                    HEIGHT="88"
                    WC="0.9812257836262385"></String>
          </TextLine>

          
          
          <TextLine ID="eSc_line_aa284675"
                    TAGREFS="LT6443"
                    BASELINE="253 1962 900 1958" 
                    HPOS="251"
                    VPOS="1904"
                    WIDTH="649"
                    HEIGHT="89">
            <Shape><Polygon POINTS="253 1962 253 1978 284 1991 286 1991 288 1991 395 1978 399 1978 432 1991 434 1991 436 1993 545 1993 545 1991 547 1991 574 1976 578 1976 689 1976 691 1976 717 1989 719 1989 721 1989 898 1974 900 1958 896 1917 838 1904 836 1904 691 1915 682 1907 682 1906 680 1906 678 1906 586 1904 584 1904 582 1904 539 1917 348 1909 346 1909 251 1919 253 1962"/></Shape>
	    <String CONTENT="multo magis h̾eat duppli"
                    HPOS="251"
                    VPOS="1904"
                    WIDTH="649"
                    HEIGHT="89"
                    WC="0.9953557029366493"></String>
          </TextLine>

          
          
          <TextLine ID="eSc_line_935578fa"
                    TAGREFS="LT6443"
                    BASELINE="255 2020 900 2024" 
                    HPOS="253"
                    VPOS="1980"
                    WIDTH="647"
                    HEIGHT="72">
            <Shape><Polygon POINTS="255 2020 253 2042 471 2040 518 2044 621 2052 623 2052 758 2042 763 2042 767 2042 853 2052 855 2052 857 2052 898 2040 900 2024 898 1983 255 1980 255 2020"/></Shape>
	    <String CONTENT="cem potenciam. et dedit ip̃i"
                    HPOS="253"
                    VPOS="1980"
                    WIDTH="647"
                    HEIGHT="72"
                    WC="0.9928081291062492"></String>
          </TextLine>

          
          
          <TextLine ID="eSc_line_3fdb414e"
                    TAGREFS="LT6443"
                    BASELINE="257 2087 898 2087" 
                    HPOS="257"
                    VPOS="2032"
                    WIDTH="641"
                    HEIGHT="84">
            <Shape><Polygon POINTS="257 2087 257 2104 467 2104 481 2116 483 2116 485 2116 487 2116 567 2104 623 2116 625 2116 898 2102 898 2087 898 2048 814 2048 777 2032 775 2032 773 2032 693 2046 592 2032 590 2032 463 2046 415 2032 413 2032 411 2032 409 2032 368 2044 356 2034 356 2032 354 2032 352 2032 302 2032 300 2032 298 2032 257 2046 257 2087"/></Shape>
	    <String CONTENT="aĩalibus que sunt ꝑfeccio"
                    HPOS="257"
                    VPOS="2032"
                    WIDTH="641"
                    HEIGHT="84"
                    WC="0.9812937952004946"></String>
          </TextLine>

          
          
          <TextLine ID="eSc_line_da235e62"
                    TAGREFS="LT6443"
                    BASELINE="255 2145 892 2149" 
                    HPOS="253"
                    VPOS="2098"
                    WIDTH="639"
                    HEIGHT="84">
            <Shape><Polygon POINTS="255 2145 253 2163 311 2178 313 2178 315 2178 366 2167 547 2167 689 2180 691 2182 785 2182 785 2180 787 2180 789 2180 802 2169 851 2180 853 2180 855 2180 857 2180 890 2167 892 2149 890 2110 255 2098 255 2145"/></Shape>
	    <String CONTENT="ra illis. Uidemus eñ ꝙ ig"
                    HPOS="253"
                    VPOS="2098"
                    WIDTH="639"
                    HEIGHT="84"
                    WC="0.9765808100883777"></String>
          </TextLine>

          
          
          <TextLine ID="eSc_line_4a0e929c"
                    TAGREFS="LT6443"
                    BASELINE="255 2217 896 2211" 
                    HPOS="253"
                    VPOS="2161"
                    WIDTH="643"
                    HEIGHT="82">
            <Shape><Polygon POINTS="255 2217 255 2233 674 2243 676 2243 816 2233 861 2241 863 2241 865 2241 896 2227 896 2211 892 2173 693 2173 672 2161 670 2161 668 2161 666 2161 635 2173 604 2161 602 2161 600 2161 598 2161 596 2161 580 2173 553 2161 551 2161 549 2161 419 2174 304 2163 302 2163 300 2163 253 2176 255 2217"/></Shape>
	    <String CONTENT="nis ẽ naturalit̾ calidus et"
                    HPOS="253"
                    VPOS="2161"
                    WIDTH="643"
                    HEIGHT="82"
                    WC="0.9772387402398246"></String>
          </TextLine>

          
          
          <TextLine ID="eSc_line_d769d481"
                    TAGREFS="LT6443"
                    BASELINE="251 2280 898 2280" 
                    HPOS="251"
                    VPOS="2239"
                    WIDTH="647"
                    HEIGHT="72">
            <Shape><Polygon POINTS="251 2280 251 2297 268 2309 270 2309 272 2309 274 2311 362 2311 362 2309 364 2309 366 2309 387 2297 469 2297 491 2309 493 2309 495 2309 496 2309 625 2297 730 2309 732 2309 810 2297 857 2309 859 2309 861 2309 863 2309 898 2295 898 2280 898 2239 251 2239 251 2280"/></Shape>
	    <String CONTENT="leuis. ꝑ leuitatem autẽ ten"
                    HPOS="251"
                    VPOS="2239"
                    WIDTH="647"
                    HEIGHT="72"
                    WC="0.9652813417570931"></String>
          </TextLine>

          
          
          <TextLine ID="eSc_line_24389658"
                    TAGREFS="LT6443"
                    BASELINE="251 2338 900 2344" 
                    HPOS="249"
                    VPOS="2291"
                    WIDTH="651"
                    HEIGHT="82">
            <Shape><Polygon POINTS="251 2338 249 2352 491 2369 493 2369 639 2360 682 2371 684 2371 686 2373 686 2371 687 2371 730 2360 820 2360 834 2371 836 2371 838 2371 839 2371 898 2358 900 2344 900 2301 873 2291 871 2291 869 2291 867 2291 847 2301 828 2291 826 2291 824 2291 251 2291 251 2338"/></Shape>
	    <String CONTENT="dit in locum ꝓprium et ĩ qͥe"
                    HPOS="249"
                    VPOS="2291"
                    WIDTH="651"
                    HEIGHT="82"
                    WC="0.9702492685153566"></String>
          </TextLine>

          
          
          <TextLine ID="eSc_line_5cd13c18"
                    TAGREFS="LT6443"
                    BASELINE="249 2402 900 2406" 
                    HPOS="247"
                    VPOS="2360"
                    WIDTH="653"
                    HEIGHT="74">
            <Shape><Polygon POINTS="249 2402 247 2416 344 2432 346 2432 541 2420 668 2434 670 2434 898 2420 900 2406 896 2360 249 2360 249 2402"/></Shape>
	    <String CONTENT="tem. igitu conuementẽ per"
                    HPOS="247"
                    VPOS="2360"
                    WIDTH="653"
                    HEIGHT="74"
                    WC="0.9869823707984045"></String>
          </TextLine>

          
          
          <TextLine ID="eSc_line_8b16ece4"
                    TAGREFS="LT6443"
                    BASELINE="251 2467 900 2471" 
                    HPOS="249"
                    VPOS="2414"
                    WIDTH="651"
                    HEIGHT="78">
            <Shape><Polygon POINTS="251 2467 249 2484 263 2492 265 2492 266 2492 268 2492 898 2486 900 2471 900 2430 859 2416 857 2416 855 2416 853 2416 818 2426 771 2416 769 2416 767 2416 765 2416 748 2428 746 2430 576 2430 571 2428 524 2414 522 2414 520 2414 251 2424 251 2467"/></Shape>
	    <String CONTENT="caliditatẽ u̾o agit in cõtra"
                    HPOS="249"
                    VPOS="2414"
                    WIDTH="651"
                    HEIGHT="78"
                    WC="0.9561959803104401"></String>
          </TextLine>

          
          
          <TextLine ID="eSc_line_ebaf2f36"
                    TAGREFS="LT6443"
                    BASELINE="247 2525 896 2529" 
                    HPOS="247"
                    VPOS="2475"
                    WIDTH="649"
                    HEIGHT="163">
            <Shape><Polygon POINTS="247 2525 247 2632 323 2613 360 2629 385 2638 387 2638 389 2638 436 2636 438 2636 440 2636 440 2634 452 2625 467 2636 469 2636 471 2636 606 2638 608 2638 610 2638 611 2638 611 2636 633 2615 643 2607 686 2613 711 2617 713 2617 715 2617 717 2617 717 2615 721 2611 728 2605 894 2605 896 2529 896 2490 853 2477 851 2477 849 2477 726 2488 719 2488 537 2488 537 2486 510 2475 508 2475 506 2475 247 2484 247 2525"/></Shape>
	    <String CONTENT="nasic eigo ignis ꝑ queci"
                    HPOS="247"
                    VPOS="2475"
                    WIDTH="649"
                    HEIGHT="163"
                    WC="0.9332589233915011"></String>
          </TextLine>

          
        </TextBlock>
        
        <TextBlock HPOS="966"
                   VPOS="506"
                   WIDTH="739"
                   HEIGHT="2095"
                   ID="eSc_textblock_db4ea150"
                   TAGREFS="BT15274">
          <Shape><Polygon POINTS="991 506 1650 506 1689 569 1705 2539 1650 2601 997 2593 974 2570 966 553 991 506"/></Shape>
          
          
          <TextLine ID="eSc_line_2b8e8b86"
                    TAGREFS="LT6443"
                    BASELINE="988 611 1650 602" 
                    HPOS="986"
                    VPOS="506"
                    WIDTH="664"
                    HEIGHT="129">
            <Shape><Polygon POINTS="988 611 988 631 1500 635 1502 635 1650 621 1650 602 1640 506 1613 524 1508 528 1487 528 1471 510 1469 510 1469 508 1467 508 1465 508 1391 508 1389 508 1387 508 1385 508 1379 512 1356 528 1334 520 1333 520 1331 520 1175 530 1163 520 1161 520 1159 520 1157 520 1155 520 1153 520 1145 528 1134 518 1130 514 1130 512 1128 512 1126 512 1124 512 1097 518 1060 528 1050 520 1050 518 1048 518 1046 518 1044 518 986 520 988 611"/></Shape>
	    <String CONTENT="q cõtrana agẽtia inipediret᷑"
                    HPOS="986"
                    VPOS="506"
                    WIDTH="664"
                    HEIGHT="129"
                    WC="0.9690362734179343"></String>
          </TextLine>

          
          
          <TextLine ID="eSc_line_a6edd7c6"
                    TAGREFS="LT6443"
                    BASELINE="990 672 1646 662" 
                    HPOS="988"
                    VPOS="619"
                    WIDTH="658"
                    HEIGHT="86">
            <Shape><Polygon POINTS="990 672 990 695 1087 705 1089 705 1091 705 1126 693 1134 689 1344 689 1346 689 1463 699 1465 699 1553 686 1582 697 1584 697 1586 697 1646 682 1646 662 1642 619 1118 619 1116 619 988 631 990 672"/></Shape>
	    <String CONTENT="ne ꝑ leuitatem in ꝑprio lo:"
                    HPOS="988"
                    VPOS="619"
                    WIDTH="658"
                    HEIGHT="86"
                    WC="0.9446053802967072"></String>
          </TextLine>

          
          
          <TextLine ID="eSc_line_0713a7a0"
                    TAGREFS="LT6443"
                    BASELINE="990 736 1660 730" 
                    HPOS="988"
                    VPOS="680"
                    WIDTH="672"
                    HEIGHT="85">
            <Shape><Polygon POINTS="990 736 990 754 1110 765 1112 765 1114 765 1159 754 1161 754 1206 765 1208 765 1210 765 1286 752 1290 752 1294 752 1325 762 1327 762 1329 762 1467 752 1605 762 1607 762 1609 762 1660 748 1660 730 1658 693 1621 680 1619 680 1617 680 1615 680 1572 693 1426 693 1214 682 1212 682 1151 695 1040 687 1038 687 988 697 990 736"/></Shape>
	    <String CONTENT="co quiescere dedit ei natura"
                    HPOS="988"
                    VPOS="680"
                    WIDTH="672"
                    HEIGHT="85"
                    WC="0.9826136614595141"></String>
          </TextLine>

          
          
          <TextLine ID="eSc_line_343ad325"
                    TAGREFS="LT6443"
                    BASELINE="990 799 1664 799" 
                    HPOS="990"
                    VPOS="760"
                    WIDTH="674"
                    HEIGHT="70">
            <Shape><Polygon POINTS="990 799 990 830 1664 820 1664 799 1664 760 990 760 990 799"/></Shape>
	    <String CONTENT="potentiam calefactiuamait"
                    HPOS="990"
                    VPOS="760"
                    WIDTH="674"
                    HEIGHT="70"
                    WC="0.9828641629219055"></String>
          </TextLine>

          
          
          <TextLine ID="eSc_line_75cf5da3"
                    TAGREFS="LT6443"
                    BASELINE="991 861 1646 861" 
                    HPOS="991"
                    VPOS="824"
                    WIDTH="655"
                    HEIGHT="68">
            <Shape><Polygon POINTS="991 861 991 880 1153 880 1169 892 1171 892 1173 892 1175 892 1646 878 1646 861 1646 824 991 824 991 861"/></Shape>
	    <String CONTENT="ꝑeam resisteret et ageret i"
                    HPOS="991"
                    VPOS="824"
                    WIDTH="655"
                    HEIGHT="68"
                    WC="0.9988726046350267"></String>
          </TextLine>

          
          
          <TextLine ID="eSc_line_b4649800"
                    TAGREFS="LT6443"
                    BASELINE="988 925 1662 921" 
                    HPOS="986"
                    VPOS="875"
                    WIDTH="676"
                    HEIGHT="83">
            <Shape><Polygon POINTS="988 925 988 943 1134 943 1173 958 1175 958 1177 958 1255 943 1334 956 1336 958 1533 958 1533 956 1535 956 1574 943 1611 956 1613 956 1615 956 1617 956 1662 937 1662 921 1658 882 1021 875 1019 875 1017 875 986 882 988 925"/></Shape>
	    <String CONTENT="contraria corruptura. Si igi"
                    HPOS="986"
                    VPOS="875"
                    WIDTH="676"
                    HEIGHT="83"
                    WC="0.9896190549646106"></String>
          </TextLine>

          
          
          <TextLine ID="eSc_line_12ea56d2"
                    TAGREFS="LT6443"
                    BASELINE="990 984 1654 988" 
                    HPOS="988"
                    VPOS="937"
                    WIDTH="666"
                    HEIGHT="84">
            <Shape><Polygon POINTS="990 984 988 1001 1032 1013 1034 1013 1081 1005 1093 1015 1093 1017 1095 1017 1097 1017 1099 1017 1235 1005 1325 1019 1327 1021 1594 1021 1594 1019 1652 1005 1654 988 1650 939 1537 949 1426 941 1395 939 1393 939 1379 941 1344 949 1333 941 1325 937 1323 937 1321 937 1319 937 1317 937 1299 943 1284 947 1235 943 1163 937 1161 937 990 945 990 984"/></Shape>
	    <String CONTENT="tur igni et reb in animatiᷤᷤ"
                    HPOS="988"
                    VPOS="937"
                    WIDTH="666"
                    HEIGHT="84"
                    WC="0.9720084338352598"></String>
          </TextLine>

          
          
          <TextLine ID="eSc_line_648be006"
                    TAGREFS="LT6443"
                    BASELINE="993 1048 1660 1052" 
                    HPOS="991"
                    VPOS="1007"
                    WIDTH="669"
                    HEIGHT="76">
            <Shape><Polygon POINTS="993 1048 991 1066 1021 1077 1023 1077 1025 1077 1311 1067 1373 1081 1375 1083 1623 1083 1623 1081 1625 1081 1658 1067 1660 1052 1658 1011 993 1007 993 1048"/></Shape>
	    <String CONTENT="natura dedit duplicem potẽ"
                    HPOS="991"
                    VPOS="1007"
                    WIDTH="669"
                    HEIGHT="76"
                    WC="0.9577770674670184"></String>
          </TextLine>

          
          
          <TextLine ID="eSc_line_7c228184"
                    TAGREFS="LT6443"
                    BASELINE="990 1118 1652 1118" 
                    HPOS="990"
                    VPOS="1079"
                    WIDTH="662"
                    HEIGHT="68">
            <Shape><Polygon POINTS="990 1118 990 1138 1576 1147 1578 1147 1652 1136 1652 1118 1652 1079 990 1079 990 1118"/></Shape>
	    <String CONTENT="clam. Unam per quam adi"
                    HPOS="990"
                    VPOS="1079"
                    WIDTH="662"
                    HEIGHT="68"
                    WC="0.9953396760899088"></String>
          </TextLine>

          
          
          <TextLine ID="eSc_line_317b1e12"
                    TAGREFS="LT6443"
                    BASELINE="993 1186 1662 1182" 
                    HPOS="991"
                    VPOS="1132"
                    WIDTH="671"
                    HEIGHT="86">
            <Shape><Polygon POINTS="993 1186 993 1218 1073 1206 1200 1214 1284 1218 1286 1218 1288 1218 1311 1210 1331 1204 1403 1208 1537 1216 1539 1216 1662 1200 1662 1182 1658 1143 1282 1132 1280 1132 1278 1132 1247 1143 1235 1134 1235 1132 1233 1132 1231 1132 1114 1132 1112 1132 1110 1132 1108 1132 1095 1142 1058 1132 1056 1132 1054 1132 991 1145 993 1186"/></Shape>
	    <String CONTENT="piscuntur ꝓpriam quietem."
                    HPOS="991"
                    VPOS="1132"
                    WIDTH="671"
                    HEIGHT="86"
                    WC="0.954903838634491"></String>
          </TextLine>

          
          
          <TextLine ID="eSc_line_3958f645"
                    TAGREFS="LT6443"
                    BASELINE="993 1251 1658 1251" 
                    HPOS="993"
                    VPOS="1198"
                    WIDTH="665"
                    HEIGHT="84">
            <Shape><Polygon POINTS="993 1251 993 1270 1126 1282 1128 1282 1658 1270 1658 1251 1658 1210 1631 1198 1629 1198 1627 1198 1625 1198 1574 1210 1508 1200 1506 1200 1504 1200 1502 1200 1502 1202 1492 1212 1393 1212 1350 1198 1348 1198 1346 1198 1344 1198 1342 1198 1325 1210 1311 1198 1309 1198 1307 1198 1305 1198 1251 1210 1225 1200 1223 1200 1042 1198 1040 1198 1038 1198 993 1210 993 1251"/></Shape>
	    <String CONTENT="et aliam ꝑ quam agunt in"
                    HPOS="993"
                    VPOS="1198"
                    WIDTH="665"
                    HEIGHT="84"
                    WC="0.9725385159254074"></String>
          </TextLine>

          
          
          <TextLine ID="eSc_line_6724c918"
                    TAGREFS="LT6443"
                    BASELINE="993 1315 1656 1309" 
                    HPOS="991"
                    VPOS="1264"
                    WIDTH="665"
                    HEIGHT="78">
            <Shape><Polygon POINTS="993 1315 993 1342 1216 1333 1360 1334 1629 1338 1631 1338 1633 1338 1656 1327 1656 1309 1652 1270 1015 1264 1013 1264 1011 1264 991 1272 993 1315"/></Shape>
	    <String CONTENT="prohibencia et contraria o."
                    HPOS="991"
                    VPOS="1264"
                    WIDTH="665"
                    HEIGHT="78"
                    WC="0.9793306743657147"></String>
          </TextLine>

          
          
          <TextLine ID="eSc_line_e5ad02cc"
                    TAGREFS="LT6443"
                    BASELINE="990 1373 1650 1370" 
                    HPOS="988"
                    VPOS="1319"
                    WIDTH="662"
                    HEIGHT="84">
            <Shape><Polygon POINTS="990 1373 990 1391 1315 1403 1317 1403 1578 1401 1648 1387 1650 1370 1646 1333 1592 1319 1590 1319 1588 1319 1555 1331 1459 1321 1457 1321 1366 1331 1334 1319 1333 1319 1331 1319 1212 1331 1101 1321 1099 1321 988 1334 990 1373"/></Shape>
	    <String CONTENT="multo magis hoc dedit aĩa"
                    HPOS="988"
                    VPOS="1319"
                    WIDTH="662"
                    HEIGHT="84"
                    WC="0.9771207089607532"></String>
          </TextLine>

          
          
          <TextLine ID="eSc_line_dcbbd5a1"
                    TAGREFS="LT6443"
                    BASELINE="990 1440 1660 1434" 
                    HPOS="988"
                    VPOS="1381"
                    WIDTH="672"
                    HEIGHT="78">
            <Shape><Polygon POINTS="990 1440 990 1457 1656 1459 1660 1434 1656 1393 1588 1381 1586 1381 1584 1381 1582 1381 1582 1383 1572 1391 1449 1383 1448 1383 1446 1383 1444 1383 1428 1395 1255 1395 1214 1383 1212 1383 1210 1383 1147 1395 1128 1385 1126 1385 1003 1385 1001 1385 999 1385 997 1385 988 1393 990 1440"/></Shape>
	    <String CONTENT="libus tribuit ergo eis tripli"
                    HPOS="988"
                    VPOS="1381"
                    WIDTH="672"
                    HEIGHT="78"
                    WC="0.9816676768763312"></String>
          </TextLine>

          
          
          <TextLine ID="eSc_line_5934d713"
                    TAGREFS="LT6443"
                    BASELINE="988 1504 1666 1504" 
                    HPOS="988"
                    VPOS="1449"
                    WIDTH="678"
                    HEIGHT="88">
            <Shape><Polygon POINTS="988 1504 988 1529 1502 1527 1504 1527 1535 1537 1537 1537 1539 1537 1588 1527 1627 1537 1629 1537 1631 1537 1633 1537 1666 1525 1666 1504 1666 1459 1644 1449 1642 1449 1640 1449 1588 1459 1393 1449 1391 1449 1389 1449 1352 1459 1325 1449 1323 1449 1321 1449 1319 1449 1280 1459 1255 1449 1253 1449 1251 1449 1188 1459 1157 1449 1155 1449 1153 1449 1077 1459 1034 1449 1032 1449 1030 1449 1029 1449 988 1459 988 1504"/></Shape>
	    <String CONTENT="cẽ appetitum sensitiuũ. unũ"
                    HPOS="988"
                    VPOS="1449"
                    WIDTH="678"
                    HEIGHT="88"
                    WC="0.9570482591787974"></String>
          </TextLine>

          
          
          <TextLine ID="eSc_line_5ed554b9"
                    TAGREFS="LT6443"
                    BASELINE="995 1572 1662 1566" 
                    HPOS="993"
                    VPOS="1518"
                    WIDTH="669"
                    HEIGHT="91">
            <Shape><Polygon POINTS="995 1572 995 1609 1085 1594 1188 1594 1198 1603 1202 1605 1202 1607 1204 1607 1206 1607 1208 1607 1210 1607 1212 1607 1216 1603 1229 1594 1301 1600 1364 1605 1366 1605 1368 1605 1391 1598 1405 1594 1444 1596 1563 1603 1564 1603 1660 1588 1662 1566 1658 1527 1235 1518 1233 1518 1231 1518 1210 1529 1077 1529 1052 1520 1050 1520 1048 1520 993 1531 995 1572"/></Shape>
	    <String CONTENT="ꝑquam prosequatur ꝓpria"
                    HPOS="993"
                    VPOS="1518"
                    WIDTH="669"
                    HEIGHT="91"
                    WC="0.9891968568166097"></String>
          </TextLine>

          
          
          <TextLine ID="eSc_line_7d61e81a"
                    TAGREFS="LT6443"
                    BASELINE="991 1640 1664 1633" 
                    HPOS="990"
                    VPOS="1584"
                    WIDTH="674"
                    HEIGHT="84">
            <Shape><Polygon POINTS="991 1640 991 1668 1064 1658 1114 1666 1138 1668 1140 1668 1159 1664 1186 1658 1340 1658 1613 1660 1615 1660 1664 1648 1664 1633 1660 1596 1609 1584 1607 1584 1463 1596 1325 1586 1323 1586 990 1601 991 1640"/></Shape>
	    <String CONTENT="quietem. et ꝓpriam delectacõ"
                    HPOS="990"
                    VPOS="1584"
                    WIDTH="674"
                    HEIGHT="84"
                    WC="0.9875441830733727"></String>
          </TextLine>

          
          
          <TextLine ID="eSc_line_e8742e34"
                    TAGREFS="LT6443"
                    BASELINE="991 1703 1654 1699" 
                    HPOS="990"
                    VPOS="1648"
                    WIDTH="664"
                    HEIGHT="86">
            <Shape><Polygon POINTS="991 1703 991 1720 1319 1734 1321 1734 1389 1722 1506 1732 1508 1732 1654 1716 1654 1699 1650 1660 1601 1648 1600 1648 1535 1658 1498 1648 1496 1648 1494 1648 1344 1658 1307 1660 1290 1658 1237 1650 1235 1650 1233 1650 1216 1658 1210 1660 990 1658 991 1703"/></Shape>
	    <String CONTENT="nem. ut concupiscibile. ⁊ ali"
                    HPOS="990"
                    VPOS="1648"
                    WIDTH="664"
                    HEIGHT="86"
                    WC="0.9764973439019302"></String>
          </TextLine>

          
          
          <TextLine ID="eSc_line_9a0d60b1"
                    TAGREFS="LT6443"
                    BASELINE="995 1771 1654 1763" 
                    HPOS="993"
                    VPOS="1716"
                    WIDTH="661"
                    HEIGHT="82">
            <Shape><Polygon POINTS="995 1771 995 1791 1299 1798 1301 1798 1303 1798 1336 1787 1342 1787 1354 1787 1446 1796 1448 1796 1496 1785 1502 1785 1508 1785 1537 1794 1539 1794 1541 1794 1652 1783 1654 1763 1650 1726 1348 1716 1346 1716 1344 1716 1342 1716 1342 1718 1333 1726 1221 1718 1220 1718 1147 1730 1032 1720 1030 1720 1029 1720 993 1732 995 1771"/></Shape>
	    <String CONTENT="um ꝑ quam resistunt et ag"
                    HPOS="993"
                    VPOS="1716"
                    WIDTH="661"
                    HEIGHT="82"
                    WC="0.9791457796096802"></String>
          </TextLine>

          
          
          <TextLine ID="eSc_line_f93f1631"
                    TAGREFS="LT6443"
                    BASELINE="995 1833 1658 1828" 
                    HPOS="993"
                    VPOS="1779"
                    WIDTH="665"
                    HEIGHT="86">
            <Shape><Polygon POINTS="995 1833 995 1865 1052 1855 1167 1861 1202 1863 1204 1863 1206 1863 1208 1863 1210 1861 1221 1853 1331 1857 1411 1861 1412 1861 1414 1861 1432 1855 1446 1851 1656 1851 1658 1828 1654 1789 1436 1779 1434 1779 1432 1779 1409 1789 1311 1781 1309 1781 993 1792 995 1833"/></Shape>
	    <String CONTENT="greduuntur prohibitiua et"
                    HPOS="993"
                    VPOS="1779"
                    WIDTH="665"
                    HEIGHT="86"
                    WC="0.9601100397109985"></String>
          </TextLine>

          
          
          <TextLine ID="eSc_line_f5646d0e"
                    TAGREFS="LT6443"
                    BASELINE="993 1894 1666 1894" 
                    HPOS="993"
                    VPOS="1855"
                    WIDTH="673"
                    HEIGHT="68">
            <Shape><Polygon POINTS="993 1894 993 1909 1075 1923 1077 1923 1206 1911 1241 1921 1243 1921 1245 1921 1247 1921 1270 1911 1288 1923 1290 1923 1292 1923 1294 1923 1475 1913 1621 1923 1623 1923 1625 1923 1666 1909 1666 1894 1666 1855 993 1855 993 1894"/></Shape>
	    <String CONTENT="contraria ut irascibilem ita ꝙ"
                    HPOS="993"
                    VPOS="1855"
                    WIDTH="673"
                    HEIGHT="68"
                    WC="0.9774123132228851"></String>
          </TextLine>

          
          
          <TextLine ID="eSc_line_eb28b79b"
                    TAGREFS="LT6443"
                    BASELINE="991 1958 1658 1962" 
                    HPOS="990"
                    VPOS="1906"
                    WIDTH="668"
                    HEIGHT="85">
            <Shape><Polygon POINTS="991 1958 990 1974 1067 1976 1067 1978 1085 1989 1087 1989 1089 1989 1091 1989 1157 1980 1173 1978 1196 1980 1270 1989 1272 1989 1274 1989 1296 1983 1311 1978 1317 1983 1321 1985 1321 1987 1323 1987 1325 1987 1327 1987 1350 1983 1379 1980 1387 1985 1395 1991 1397 1991 1399 1991 1401 1991 1448 1987 1502 1982 1654 1991 1658 1962 1658 1917 1615 1906 1613 1906 1611 1906 991 1911 991 1958"/></Shape>
	    <String CONTENT="cõcupiscibilis se hẽt. Sicut le"
                    HPOS="990"
                    VPOS="1906"
                    WIDTH="668"
                    HEIGHT="85"
                    WC="0.9742475332635822"></String>
          </TextLine>

          
          
          <TextLine ID="eSc_line_01e74260"
                    TAGREFS="LT6443"
                    BASELINE="993 2022 1658 2022" 
                    HPOS="993"
                    VPOS="1970"
                    WIDTH="665"
                    HEIGHT="84">
            <Shape><Polygon POINTS="993 2022 993 2040 1032 2052 1034 2052 1036 2052 1124 2042 1138 2052 1140 2052 1142 2052 1144 2054 1619 2054 1619 2052 1621 2052 1658 2040 1658 2022 1658 1983 1603 1970 1601 1970 1600 1970 1574 1982 1375 1970 1373 1970 1247 1982 1202 1970 1200 1970 1198 1970 1196 1970 1194 1970 1181 1983 1105 1983 1019 1970 1017 1970 1015 1970 993 1980 993 2022"/></Shape>
	    <String CONTENT="uitas uel grauitas in leubꝰ"
                    HPOS="993"
                    VPOS="1970"
                    WIDTH="665"
                    HEIGHT="84"
                    WC="0.9714882638719347"></String>
          </TextLine>

          
          
          <TextLine ID="eSc_line_2e71e3aa"
                    TAGREFS="LT6443"
                    BASELINE="991 2089 1662 2083" 
                    HPOS="990"
                    VPOS="2032"
                    WIDTH="672"
                    HEIGHT="88">
            <Shape><Polygon POINTS="991 2089 991 2104 1040 2118 1042 2118 1044 2120 1179 2120 1179 2118 1181 2118 1208 2108 1615 2114 1617 2114 1619 2114 1662 2098 1662 2083 1658 2044 1436 2032 1434 2032 1296 2044 1264 2034 1262 2034 1260 2034 1258 2034 1212 2046 1200 2036 1198 2036 1196 2036 1034 2036 1032 2036 1030 2036 990 2048 991 2089"/></Shape>
	    <String CONTENT="et grauib. Irascibilis uero:"
                    HPOS="990"
                    VPOS="2032"
                    WIDTH="672"
                    HEIGHT="88"
                    WC="0.980756465730996"></String>
          </TextLine>

          
          
          <TextLine ID="eSc_line_8537ddf5"
                    TAGREFS="LT6443"
                    BASELINE="995 2155 1670 2149" 
                    HPOS="993"
                    VPOS="2097"
                    WIDTH="677"
                    HEIGHT="87">
            <Shape><Polygon POINTS="995 2155 995 2174 1130 2184 1132 2184 1134 2184 1136 2184 1136 2182 1144 2174 1145 2174 1668 2174 1670 2149 1666 2110 1590 2110 1570 2097 1568 2097 1566 2097 1564 2097 1563 2097 1561 2097 1551 2106 1539 2097 1537 2097 1535 2097 1533 2097 1531 2097 1487 2108 1453 2097 1451 2097 1449 2097 1364 2110 1340 2098 1338 2098 1336 2098 1334 2098 1301 2110 1282 2098 1280 2098 1278 2098 1276 2098 1204 2110 1021 2100 1019 2100 1017 2100 993 2112 995 2155"/></Shape>
	    <String CONTENT="se het quasi caliditas et frigi"
                    HPOS="993"
                    VPOS="2097"
                    WIDTH="677"
                    HEIGHT="87"
                    WC="0.9950335794879545"></String>
          </TextLine>

          
          
          <TextLine ID="eSc_line_1233a703"
                    TAGREFS="LT6443"
                    BASELINE="993 2217 1668 2221" 
                    HPOS="991"
                    VPOS="2167"
                    WIDTH="677"
                    HEIGHT="87">
            <Shape><Polygon POINTS="993 2217 991 2237 1025 2252 1027 2252 1029 2254 1110 2254 1110 2252 1112 2252 1114 2252 1114 2250 1128 2239 1196 2239 1231 2252 1233 2252 1235 2252 1430 2243 1469 2254 1471 2254 1473 2254 1666 2239 1668 2221 1666 2178 1559 2167 1557 2167 1555 2167 1533 2174 1527 2176 1502 2174 1418 2167 1416 2167 1370 2173 1333 2176 1315 2171 1301 2167 1299 2167 993 2167 993 2217"/></Shape>
	    <String CONTENT="ditas in cis. Nam sic grauia"
                    HPOS="991"
                    VPOS="2167"
                    WIDTH="677"
                    HEIGHT="87"
                    WC="0.9966083616018295"></String>
          </TextLine>

          
          
          <TextLine ID="eSc_line_00d85e7d"
                    TAGREFS="LT6443"
                    BASELINE="997 2287 1658 2287" 
                    HPOS="997"
                    VPOS="2243"
                    WIDTH="661"
                    HEIGHT="74">
            <Shape><Polygon POINTS="997 2287 997 2317 1124 2307 1338 2311 1572 2317 1574 2317 1658 2305 1658 2287 1658 2247 997 2243 997 2287"/></Shape>
	    <String CONTENT="ꝑ grauitatem recedunt a lo"
                    HPOS="997"
                    VPOS="2243"
                    WIDTH="661"
                    HEIGHT="74"
                    WC="0.9773591825595269"></String>
          </TextLine>

          
          
          <TextLine ID="eSc_line_119fa57f"
                    TAGREFS="LT6443"
                    BASELINE="993 2346 1654 2352" 
                    HPOS="991"
                    VPOS="2291"
                    WIDTH="663"
                    HEIGHT="86">
            <Shape><Polygon POINTS="993 2346 991 2362 1013 2371 1015 2371 1017 2371 1071 2364 1081 2371 1081 2373 1083 2373 1085 2373 1268 2375 1270 2375 1334 2365 1399 2375 1401 2375 1403 2375 1405 2375 1414 2365 1438 2377 1440 2377 1442 2377 1652 2365 1654 2352 1654 2311 1582 2311 1582 2309 1547 2295 1545 2295 1543 2295 1541 2295 1508 2309 1506 2309 1502 2309 1434 2293 1432 2293 1303 2307 1294 2307 1288 2307 1206 2291 1204 2291 993 2303 993 2346"/></Shape>
	    <String CONTENT="co. Sursum tanꝙͣ aũt cõue"
                    HPOS="991"
                    VPOS="2291"
                    WIDTH="663"
                    HEIGHT="86"
                    WC="0.9828589933889883"></String>
          </TextLine>

          
          
          <TextLine ID="eSc_line_c53410ed"
                    TAGREFS="LT6443"
                    BASELINE="993 2408 1670 2416" 
                    HPOS="991"
                    VPOS="2356"
                    WIDTH="679"
                    HEIGHT="80">
            <Shape><Polygon POINTS="993 2408 991 2428 1005 2436 1007 2436 1009 2436 1011 2436 1668 2432 1670 2416 1670 2371 1660 2362 1660 2360 1658 2360 1656 2360 1654 2360 1527 2369 1520 2369 1518 2369 1487 2358 1485 2358 1483 2358 1481 2358 1448 2367 1424 2358 1422 2358 1420 2358 1418 2358 1395 2367 1393 2367 1383 2367 1305 2356 1303 2356 1245 2364 1227 2365 993 2360 993 2408"/></Shape>
	    <String CONTENT="niente cedunt in locũ deorsũ"
                    HPOS="991"
                    VPOS="2356"
                    WIDTH="679"
                    HEIGHT="80"
                    WC="0.9556922197341919"></String>
          </TextLine>

          
          
          <TextLine ID="eSc_line_86d4d275"
                    TAGREFS="LT6443"
                    BASELINE="991 2475 1676 2475" 
                    HPOS="991"
                    VPOS="2420"
                    WIDTH="685"
                    HEIGHT="84">
            <Shape><Polygon POINTS="991 2475 991 2492 1017 2504 1019 2504 1021 2504 1023 2504 1025 2504 1038 2494 1050 2504 1052 2504 1054 2504 1056 2504 1149 2494 1179 2504 1181 2504 1182 2504 1237 2494 1631 2504 1633 2504 1635 2504 1676 2492 1676 2475 1676 2432 1379 2420 1377 2420 991 2426 991 2475"/></Shape>
	    <String CONTENT="tanquã ad locum contraentẽ"
                    HPOS="991"
                    VPOS="2420"
                    WIDTH="685"
                    HEIGHT="84"
                    WC="0.9843200253588813"></String>
          </TextLine>

          
          
          <TextLine ID="eSc_line_e04fcbf8"
                    TAGREFS="LT6443"
                    BASELINE="993 2535 1672 2535" 
                    HPOS="993"
                    VPOS="2484"
                    WIDTH="679"
                    HEIGHT="135">
            <Shape><Polygon POINTS="993 2535 993 2599 1034 2611 1036 2611 1038 2611 1040 2611 1081 2599 1087 2597 1089 2599 1120 2619 1122 2619 1124 2619 1126 2619 1128 2619 1130 2619 1151 2601 1173 2613 1175 2613 1177 2613 1179 2613 1210 2601 1297 2619 1299 2619 1301 2619 1334 2607 1418 2619 1420 2619 1422 2619 1424 2619 1448 2599 1496 2619 1498 2619 1500 2619 1502 2619 1504 2619 1504 2617 1522 2601 1592 2613 1594 2613 1596 2613 1598 2613 1598 2611 1617 2593 1672 2593 1672 2535 1672 2496 1029 2484 1027 2484 1025 2484 993 2494 993 2535"/></Shape>
	    <String CONTENT="et conformem ꝑ frigtoitatez."
                    HPOS="993"
                    VPOS="2484"
                    WIDTH="679"
                    HEIGHT="135"
                    WC="0.9807888908045632"></String>
          </TextLine>

          
        </TextBlock>
        

        
        <TextBlock ID="eSc_dummyblock_">
          
          
          <TextLine ID="eSc_line_d34e93ac"
                    TAGREFS="LT6443"
                    BASELINE="27 1822 46 1824" 
                    HPOS="23"
                    VPOS="1707"
                    WIDTH="31"
                    HEIGHT="140">
            <Shape><Polygon POINTS="27 1822 23 1843 42 1847 46 1824 54 1711 37 1707 27 1822"/></Shape>
	    <String CONTENT=""
                    HPOS="23"
                    VPOS="1707"
                    WIDTH="31"
                    HEIGHT="140"></String>
          </TextLine>

          
          
          <TextLine ID="eSc_line_611fea65"
                    TAGREFS="LT6443"
                    BASELINE="25 1954 52 1956" 
                    HPOS="23"
                    VPOS="1900"
                    WIDTH="31"
                    HEIGHT="83">
            <Shape><Polygon POINTS="25 1954 23 1980 48 1983 52 1956 54 1900 27 1900 25 1954"/></Shape>
	    <String CONTENT="g"
                    HPOS="23"
                    VPOS="1900"
                    WIDTH="31"
                    HEIGHT="83"
                    WC="0.9955875873565674"></String>
          </TextLine>

          
          
          <TextLine ID="eSc_line_06127a0c"
                    TAGREFS="LT6443"
                    BASELINE="37 2019 46 2019" 
                    HPOS="37"
                    VPOS="1974"
                    WIDTH="9"
                    HEIGHT="72">
            <Shape><Polygon POINTS="37 2019 37 2046 46 2046 46 2019 46 1974 37 1974 37 2019"/></Shape>
	    <String CONTENT=""
                    HPOS="37"
                    VPOS="1974"
                    WIDTH="9"
                    HEIGHT="72"></String>
          </TextLine>

          
          
          <TextLine ID="eSc_line_bcf632e5"
                    TAGREFS="LT6443"
                    BASELINE="33 2278 50 2278" 
                    HPOS="33"
                    VPOS="2225"
                    WIDTH="17"
                    HEIGHT="78">
            <Shape><Polygon POINTS="33 2303 50 2303 50 2278 50 2233 35 2225 33 2278 33 2303"/></Shape>
	    <String CONTENT="q"
                    HPOS="33"
                    VPOS="2225"
                    WIDTH="17"
                    HEIGHT="78"
                    WC="0.9985135197639465"></String>
          </TextLine>

          
          
          <TextLine ID="eSc_line_4f0922ce"
                    TAGREFS="LT6443"
                    BASELINE="29 2406 56 2406" 
                    HPOS="29"
                    VPOS="2362"
                    WIDTH="27"
                    HEIGHT="74">
            <Shape><Polygon POINTS="29 2406 29 2436 56 2430 56 2406 56 2362 29 2362 29 2406"/></Shape>
	    <String CONTENT="d"
                    HPOS="29"
                    VPOS="2362"
                    WIDTH="27"
                    HEIGHT="74"
                    WC="0.9999074935913086"></String>
          </TextLine>

          
        </TextBlock>
        
      </PrintSpace>
    </Page>
  </Layout>
</alto>
