2479 3508
228 253 838 86 ut appetitus sequens sensum.Appetĩtus au'

224 313 849 78 tem sequetis sensum potest nõinari sensuali

224 380 842 68 tasisequens intellectum nominatur uolun'

224 434 845 84 tas:secundum quem modum loquendi bru

224 495 842 76 ti habent lensualitatem & appetitum sensi'

226 555 841 74 tiuum: sed non habent uoluntatem & intel

220 625 847 57 lectum. Uirtutes ergo de quibus loqui inten

224 672 842 70 dimus: quae sunt quĩdam habitus laudabi'

220 730 849 69 les:uel erit inpotentiis naturalibus:uelin ĩp

216 789 848 70 sis sensibus: uel in appetitu sensiriuo: uel in

222 849 840 70 appetituintellectiuo: uel in iplo intellectu:

218 910 842 68 uel in omnibus:uel his: uel in aliquibus ho'

218 976 844 66 rum.In potentis autem naturalibus esse nõ

218 1029 844 70 possunt quod tripliciter patet.Primo quia

218 1087 844 74 ex naturalibus nec laudamur nec uitupera.

216 1153 848 59 tnur : nullus enim dicitur bonus homo ex

216 1202 848 72 eo ꝙhabeat digestiuam bonam:uel bonam

216 1260 844 73 augmentatiuam. Secundo in talibus non

216 1321 846 68 habent esse uirtutes: quia uirtus est aliquid

212 1379 848 78 secundum rationem ut probari habet secun

212 1436 850 70 do et hicorum.Potentia autem naturales se

214 1496 842 70 cundum quod huiusmodi sunt rationi non

210 1563 850 66 obediunti nam liue ratiocinetur siue uelit

210 1621 846 62 non propter hoc per se loquendo poten.

210 1677 848 69 tiae naturales uariatitur in actibus suis : sed

210 1736 850 66 semper secundum modum sibi possibilem

212 1787 848 72 suas actiones efficiunt.Tertioin talibus po

212 1845 844 76 tentiis non sunt habitus & uirtutesi qui ha'

212 1911 848 67 hitus sunt ad determinandum potentias ut

210 1962 850 76 bene uel male agũt: ut per habitꝰ uirtuosos

210 2030 846 63 determinatur potentia ad agendum male

210 2085 846 68 per uirtuosos ad agendum bene:cum ergo

208 2149 844 68 natura sit determinata ad unum : & poten.

210 2198 848 72 tia naturales sufficienter determineniur ad

210 2264 848 64 agendum ex natura sua secunduz eas nec su

210 2323 846 66 mus uitiosi nec uirtuosi:ut hic de uitio & uir

210 2375 848 72 tute loquimut:quare in eĩs huiusmodi untu

210 2443 844 71 tes esse non possunt.¶ His ergo tribus ta'

208 2492 850 84 tionibus per quas probatum est uirtutes nõ

208 2551 850 83 esse in potentiis naturalibus probari potest

206 2619 852 74 eas non esse in cognitione sensitiua siue in

210 2669 842 75 potentiis sensitiuis : nam sicut non lauda'

208 2738 848 74 mur nec uituperamur ex potentiis naturali'

212 2784 852 110 bus: sic non laudamur nec uituperamur ex

1130 247 857 82 sensibus: naz sicut nullus laudatur tanquam

1130 325 861 60 bonus homo ex eo ꝓ bene digetit uel bene

1130 385 859 61 crescit. Sic non laudatur ex eo ꝙ acute uidet

1128 430 857 78 uel subtiliter audit nisi forte hoc esset per ac

1124 493 861 72 cidens ut si quis ex superflua commestione

1128 553 857 80 uel ex nĩmia potatione incurrisset obtalmi'

1130 611 853 75 am oculorum ne bene uideret. uel debilita

1128 672 855 74 tem stomachi ne bene digereret: increpare

1124 730 858 70 tur ille non quia male digerit:uel quia non

1124 797 856 64 clare uidet quia clare uidere & bene digere.

1126 849 856 78 reper se loquendo non est in potestate ho'

1122 912 860 68 minis. Sed increparetur ex nimio potu uel

1120 968 860 72 ex superfluo cibo nam erat in potestate sua

1122 1029 860 72 ut posset utĩ potu & cibo moderate. ¶ Secũ

1120 1085 854 74 do in sensibus non est ponenda uirtus mo'

1122 1145 856 73 ralis:quia sicut potentia naturales non obe

1120 1206 858 68 diunt rationĩ quia secundum regulatn ratio

1124 1264 848 74 nis nullus magis uel minus augetur:uel ma'

1126 1323 852 72 gis & minus digerit:sic nec sensus obediunt

1122 1395 858 60 rationi: non enim est in potestate hominis

1118 1438 862 78 uidere clarius uel minus clare: quat̃ si uirtus

1122 1506 856 68 motalis est aliquid secundum rationem hu'

1120 1561 856 66 iusmodi uirtus in sensibus poni non debet.

1118 1617 848 72 ¶Tertio in talibus non est moralis uirtus

1120 1681 852 69 quia sicut potẽtiae naturales sufficienter de'

1116 1734 858 76 terminãtur ad actiones suas per suam na'

1124 1792 854 71 turamisic & sẽlus: Nam sicot ignis tãtum ca

1120 1851 854 78 lefacit quãtum potest calefacere ꝓpter qđ

1122 1911 856 71 quia determinatus est. In actiõe sua nec lau

1120 1980 856 60 datur nec uituperatur nec est ĩ eo uirtus mo

1120 2028 858 72 talis. Sic quia potentia digestiua tãtum di'

1120 2093 858 68 gerit quãtum potest digerere & oculus tãtũ

1116 2147 860 70 tũdet quãtum potest uĩdere ĩn eĩs uirtus mo

1116 2208 862 70 talis esse nõ potest:nam per uittutem mora

1120 2268 856 72 lem determinatur potẽtia ad agẽdum: haec

1120 2332 856 67 autem sufficiẽter determinantur ad actiões

1120 2393 854 64 proprias per naturam nõ ergo indigẽt uir¬

1118 2441 865 78 tute morali. Si ergo nec ĩ potẽtiis naturali'

1118 2506 858 68 bus nec ĩsẽsibus est uirtus motalis:cum pra

1118 2558 856 82 ter potẽtias naturales : & sensus nõ sit nisi'

1118 2619 858 76 intellectus & appetitus ĩtellectiuꝰ & sensitĩ

1118 2689 828 66 uus oportet esse ĩ ta ibus uirtutes morales.

1118 2738 860 72 ¶ Q uomodo distĩguũtur uirtutes: & quo

1114 2796 866 115 mõ esse habẽt ĩ itellectu & appetitu. Ca.ii.
