2436 3248
528 577 448 68 Ostꝙ auxiliante deo com¬

530 631 433 56 plenimus primam partẽ

528 674 440 49 huius primi libri in quo

523 712 444 58 agitur de regimẽ sin ostẽ¬

528 752 453 60 dentes in quo reges et prin¬

317 802 664 47 cipes suam felicitatẽ pon̾e debeant quia

319 844 664 52 non decet eos suam finem pone̾ in diui¬

317 882 671 54 ciis nec in ciuili potencia nec in aliqui¬

315 923 643 56 bus talibus sz om̃ibus hiis ut supra

313 961 646 63 plenius probatur debent uti tamꝙͣ or¬

315 1017 652 53 gans ad felicitatẽ. Suam autem felici¬

315 1055 628 58 tatem ponere in actu prudencie debent

313 1097 666 59 prout talis actus imperatus est a ⟦uirti⟧ ca¬

313 1144 655 55 ritate. Nam tunc rege⟦sis⟧ hñt suam fe¬

313 1185 646 54 licitatem suo statui condignam et debitã

313 1221 648 61 qñ instigante dei dilectione sz pruden¬

315 1266 652 53 tiam regnatinam gentem sibi cõmissã

313 1308 665 61 sz legem et rõnem sancte et iuste regunt

312 1356 637 49 ¶ Principaliter igitur regum felicitas

315 1393 635 55 ponenda est in ip̃o deo et ex cognicione

315 1436 639 50 et dilectione eius suum studium et suam

308 1465 648 63 uitam ad hoc ordinare debent ut cogno¬

312 1508 638 67 scentes et diligentes deum ip̃i tamꝙͣ

310 1550 637 64 ueri ministri eius sz ordinem rõms

312 1595 653 56 dirigant ppłm sibi comissum. hiis igr̃

312 1643 658 56 ita peractis et ostenso in quo reges de¬

312 1676 664 59 beant ponere suam finem sz ordinẽ rõma

308 1723 635 48 suꝑius pretaxatum. Restat ostende̾ qͥb

299 1759 675 63 uirtutibz reges pollere debent. uirtutes

304 1809 663 58 autem sunt quid̃ ornatus et qued̃ perfe¬

313 1849 650 51 ctiones aĩe. Oportet igitur prius ostẽ¬

312 1889 635 59 dere quot sunt potencie aĩe et in quib

308 1937 660 56 potenciis habent ẽe uirtutes Conseq̃n¬

308 1974 662 52 ter autem maĩfestabit᷑ quomodo uir¬

312 2015 651 52 tutes sunt distinguende. postea uero o¬

304 2051 674 69 stendemus quot sunt in nimo hiioi¬

306 2098 666 60 virtutes et que illarum sunt pͥncipales

306 2147 659 56 et que sunt secundarie. Dem̃ autem de¬

303 2190 640 61 clarabit᷑ singłariter que sit unaqueqz

306 2233 643 56 illaꝵ uirtutum et quomodo decet reges

303 2269 655 85 et principes tales uirtutes hĩe. ¶Ido

1147 575 688 74 tencie autem etiam sic distingui possut̾

1145 633 661 47 Quia qued sunt naturales qued co¬

1145 669 668 63 gnitiue sensitiue, qued̃ appetitiue et q̃d

1136 712 664 56 intellectiue. ¶ Naturales potencie sũt

1140 763 653 50 ille quibz cõĩtamus cum uegetabłib

1144 806 647 47 et plantis ut potentia nuitritiua aug

1145 846 650 49 mentatiua gn̾atina et talia etiam q̃

1140 882 653 56 ip̃is arboribus competunt. ¶ Potencie

1140 927 668 51 uero cognitiue sensitiue sunt uisus au¬

1142 967 658 57 ditus gustus et talia quibz coĩcamus

1142 1003 682 68 cum brutis. ¶ Appetitiue uero distingũ¬

1142 1057 648 56 tur. Namquid̃ est appetitus in homĩe ĩ

1144 1104 662 47 quo non coitat cum brutis ut appetitus

1140 1149 648 54 sequens intellettum Quid̃ autem ut

1145 1192 635 51 coĩtat cum eis ut appetitus sequens

1140 1228 666 58 sensum. qui quid̃ p̃t nonnãri sensuali/

1142 1272 664 47 tas. Sequens uero intellectum uocatur

1142 1311 680 60 uoluntas sz quem modum loquendi bru¬

1142 1360 658 51 ta habent sensualitatẽ et appetitũ sen

1140 1400 659 50 sitiuum sz non habent uoluntatẽ idest

1136 1434 635 47 appetitum intellectum̃. Uirtutes ergo

1136 1472 659 58 de quibus loqui intendim᷒ que sunt

1138 1512 666 63 qued laudabiles uel erunt in potenciis

1140 1562 628 51 naturalibz uel in appetitu sensitiuo

1138 1604 661 45 uel in appetitu intellettiuo uel in ip̃o in¬

1138 1642 648 59 tellectu uel in hiis omĩbus uel in aliqͥb

1138 1690 632 45 eorum ¶ In potenciis autem naturalibz

1140 1728 628 43 esse non possunt quod trippliciter patet

1134 1755 652 60 ¶Primo qr ex naturalibz non laudamͬ

1134 1804 643 61 neqz uituperamur. nullus enĩ dr̃ bonus

1136 1847 643 58 ex eo ꝙ hẽat bonam augmẽtatiuam uel

1133 1896 642 47 nutritiuam ¶ Secundo in talibus non

1134 1936 639 54 habent esse hinoĩ uirtutes quia uirtus

1134 1983 672 52 est aliquid ss̃ rõnem ut p̃t ꝓbari 2 ͦ eth.

1133 2022 649 58 Potencie autem naturales sz ꝙ huioi

1133 2057 660 61 sunt rõm non obediunt. Nam siue quis

1134 2100 656 58 rõtinetur siue uelit non pp̃ hoc per se lo-

1131 2150 640 56 quendo potencie naturales uariantur

1124 2192 656 54 in actibus suis sz semper sz modũ sibi

1125 2235 636 60 possibilem suas actiones efficiunt.

1138 2275 639 79 ¶ Tercio In talibus potenciis non sunt
