3558 4937
427 2460 1084 120 Ce p̾mier chapistre de la seconde

427 2550 1068 121 ꝑtie du p̾mier liure du gouu̾e

436 2660 1045 112 ment des rois enseigne qnͣtes

436 2751 1083 106 poissances lame a. ⁊ enquiex pois

444 2847 1078 90 sances les u̾tuz des bones euures

968 2934 532 107 uis sunt. cocco

968 3030 562 104 que nous coco.

971 3121 551 99 auons enseignie

973 3209 511 87 a laide de dieu

979 3285 543 113 en la p̾miere par

976 3379 508 104 tie de ce liure q̃

979 3458 535 110 les rois ⁊ les pͥn

447 3551 1059 105 ces sunt beneurez quant il aimẽt

427 3631 1103 107 dieu. ⁊ pour la mor de dieu. si cõme

441 3716 1062 132 bons serganz ⁊ leaus ⁊l entendent

1673 449 1078 107 agouu̾ner sagement le pueple se

1667 543 1043 98 lonc loy ⁊ raison. Nous dirons q̃

1667 636 1087 104 les uertuz les rois ⁊ les princes doi

1673 729 1075 107 uent auoir. Et pour ce que les n̾tuz

1676 811 1048 113 font la me ꝑfaite. ¶Il couient p̾

1673 921 1037 102 mierement sauoir qnͣtes poissan

1676 1009 1072 112 ces la me a. ⁊esqueles les u̾tus de

1676 1113 1056 102 bones euures domient estre ⁊ ap̾s

1678 1193 1070 109 nous dirons coment len doit deuit̾

1678 1291 1070 105 les u̾tuz de bones euures. ⁊ qnͣtes

1676 1382 1064 101 il en sont. et qpͥs nous dirons de

1676 1467 1080 107 chaucune que le ele est. Et comẽt

1684 1560 1083 104 li roi ⁊ li pͥnce douient auoir teles

1681 1648 1084 107 u̾tus . ⁊ dirons les queles sunt plꝰ

1678 1747 1089 104 pͥncipaus des autres. ¶ Dont len

1681 1832 1089 112 doit sauoir que lame. a .iii. manie

1687 1917 1083 120 res de puissances. ¶Les mies sõt

1687 2015 1083 110 nature les. Si cõme la u̾tu qui acro

1687 2103 1072 118 ist. ⁊ la u̾tu qui engendre. ¶Les

1687 2202 1089 93 autres poissances de lame. sunt co

1687 2276 1058 110 noissanz. Si cõme la ueue. ¶Lez

1692 2364 1064 115 goust. ⁊ la touchement. ⁊ les autͤs

1692 2452 1086 123 sens del home. ¶ Une autre poissã

1687 2561 1097 107 ce de lame Si est quen apele lentẽ

1687 2646 1091 118 dement. ¶Les autres poissances

1687 2756 1067 93 de la me sont dites poissances qui

1689 2844 1056 99 desirrent. Dont lune si est nõmee

1695 2929 1075 107 uolente qui est desir del entendem̃t

1689 3014 1032 90 ⁊ lautre est dite desir des.u. sens

1684 3093 1081 124 de lome. ¶Et poons prouuer par

1689 3192 1062 107 trois raisdns que les u̾tus des bo

1692 3280 1037 107 nes euures que nons aquerons

1687 3373 1050 104 ꝑ acoustumance de bien fere. ne

1687 3450 1061 118 sunt pas es poissances de lame

1695 3546 1092 104 nature les. ne es .u. sens de l home

1689 3625 1092 121 ¶La p̾miere raison si est. car pour

1689 3710 1046 146 les u̾tuz des bones euures len

3077 246 55 137 11
