4267 6175
556 497 727 161 du gouu̾nement

549 782 1133 127 les habis de uertu a bien ouurer

549 874 1122 124 Par les habis de uices a mal ou-

549 970 1126 124 urer. Quar sanz ces habis sõt elles

549 1056 1139 127 indifferentes a bien ⁊ a mal ¶Les

549 1166 1119 127 puissances naturex ne sont point

545 1255 1116 130 ꝑ tiex habis det̾minees a ouurer.

545 1344 1154 117 mais de soy meismes. et de leur na-

549 1440 1129 114 ture si ꝯme feu par sa nature est ;

542 1536 1150 110 det̾mine a chanter sanz autre dispo-

542 1629 1150 130 sicion ¶Donques es puissãces na-

545 1711 1137 124 turex ne sont point les u̾tuz moraꝰ

549 1814 1150 117 Et par ces meismes raysons puet

549 1910 1126 114 on prouuer que ces uertus ne sõt

549 1993 1139 130 pas en la cognoissance ne es poissã-

549 2099 1150 113 ces sensitiues. Quar aussi ꝯme noꝰ

552 2185 1147 123 ne sõmes loez ne blasmez des pois-

549 2277 1139 120 sances naturelles. Ainsi ne sõmes

549 2373 1160 110 nous ne loez ne blasmez des oeures

545 2459 1167 117 sensitiues. Quar aussi que nul nest

545 2552 1123 127 loe qui soit bon hõme. Pour ce qͥ

542 2644 1122 114 digere bien ou croist bien. Ainsi ⟦i⟧

545 2727 1150 127 nest nul loe qui soit bon hõme. po᷑

545 2833 1140 113 ce quil uoit aguement et soutille-

549 2919 1115 117 m̃t fors que ꝑ aucun accident. Aĩ-

545 3015 1106 110 si que se .i. hõme mengoit tpͦ et

556 3104 1102 131 beuoit. il pourroit bñ encheoir ẽ

556 3211 1115 123 une maladie as eulz que ou ape-

552 3296 1147 117 le optalmie qui empeesche la ueue

552 3392 1140 124 ⁊ foiblesce destomac par quoi il di-

552 3492 1095 113 gereroit mal. de quoy il est blas-

552 3581 1126 106 me. non pas pour ce que il digere

556 3674 1112 127 mal et uoit. Mais pour ce q̃ en

549 3766 1109 131 sa uolente de user atrempeem̃t de

549 3852 1102 120 boire et de mengier. et de ce est il :

545 3952 1137 109 blasme que il en a use mauuaise-

542 4034 1126 130 m̃t. Qrͣ de mal ueoir nest il pas

552 4130 1150 113 blasme. ne loe de bien ueoir. mes

542 4219 1143 120 de u̾tus somes loez. Donc ne sõt

535 4308 1174 131 elles point es poissances sensitiues

700 4411 961 113 rͣtem̃t. les puissances sensiti-

566 4507 1112 168 ues nobeissent plus a raison que

1925 792 1164 96 les puissances naturelles. Quar

1922 871 1153 123 il nest pas en la puissance dõme

1922 974 1188 116 quil uoie plus cler ou moĩs ne-

1918 1056 1174 130 ant plus quil est en sa puissance

1918 1152 1157 131 de bñ ou mal digerer ou croistre.

1918 1248 1188 113 Donc puis que pour ceste cause ne

1915 1351 1167 106 sont pas uertuz es puissances na-

1922 1427 1143 130 turelles ne doiuent elles estre po᷑

1918 1536 1174 117 ceste meismes cause es puissances

1922 1619 1167 134 sensitiues. ¶ Quintem̃t les puis-

1925 1711 1161 124 sances sensitiues sont aussi de t̾mi-

1922 1818 1140 109 nees en leurs oeuures ꝯme les :

1922 1910 1164 120 puissances naturelles. et pour ces-

1918 2010 1144 116 te cause ne sont point les uertus.

1922 2085 1146 127 Done ne doiuent elles pas estre es

1922 2198 1153 97 puissances sensitiues. ¶ Po᷑ quoy

1915 2281 1157 113 sensuit ꝯme il nait autres puissan-

1915 2373 1177 114 ces en la uie fors lentendem̃t ⁊ lap-

1918 2456 1178 123 petit sensitif et intellectif. cest uolẽ-

1918 2562 1185 103 te. Que en ces puissances soient les

1918 2648 1171 113 u̾tus. Cõme les u̾tus sont deuisiees

1894 2730 1185 131 et ꝯment elles sont en lentendemẽt

2151 2835 510 129 Uis que nous

2702 2819 386 145 ⁊ en lapetit. ii.

2159 2933 927 120 auõs monstre que les u̾tuz

2176 3029 913 113 ne sont pas es puissãces na-

1915 3111 1140 117 tureles de lame ne es puissances

1908 3204 1164 133 sensitiues. Il faut moustrer ꝯmẽt

1908 3307 1164 123 les u̾tus sont deuisiees. et ꝯm̃t el-

1915 3399 1167 117 les sõt en lentẽdement ⁊ en lape-

1918 3499 1171 99 tit. ¶ Pour quoi est a sauoir que

1912 3571 1150 123 les uertuz sont aussi deuisiees. qrͣ

1908 3670 1160 137 les unes sõt intellectuaux si ꝯme

1908 3777 1164 109 sont les sciences philosophie na-

1908 3876 1209 113 turel. Mathematiques. Methaphi-

1905 3958 1163 124 siq̃. Et ainsi des autres. et cestes :

1908 4037 1164 127 sõt en lentẽdemẽt. ¶Les autres

1905 4130 1146 120 sõt simplem̃t moraux. si ꝯme sõt

1901 4226 1185 123 atrempãce ⁊ force qui sont en lape-

1905 4308 1160 134 tit sensitif. ¶ Atrempance en la-

1901 4404 1171 131 petit ꝯcupiscable. Force en lapetit

1905 4518 1191 185 irascible. Et iustice qui est ẽ lapetit

2049 466 762 189 des pͥnces.

3086 504 305 195 .Cxuii.
