4267 6250
1393 364 799 326 La seconde ꝑtie

1216 725 1195 212 intellectif. Cest en la uolente. ¶Les

1219 909 1154 132 autres sont moiennes entre les :

1223 989 1178 146 moraux ⁊ les intellectuaux. si que

1223 1093 1188 132 est la u̾tu de prudence quar elle aꝑ-

1219 1184 1189 135 tient a lentendem̃t. Et par ꝯsequẽt

1223 1277 1160 136 est qnͣt a ce intellectuele ⁊ aꝑtient

1219 1368 1178 128 a la uolente. Et en ce est elle moral

1226 1465 1147 142 Et pour ce la met le philosophe

1223 1552 1188 132 en lentendem̃t pratique qui ꝯprẽt

1219 1656 1182 121 entẽdem̃t et uolente. Touteuoies

1223 1753 1188 128 elle est ꝯtee entre les u̾tus moraux.

1233 1829 1192 160 Pour ce que ꝑ elle nous sõmes bõs

1233 1944 1181 118 qui est la fin des u̾tus. et sanz pru-

1233 2038 1164 128 dẽce combñ que on puisse młt de

1233 2131 1168 122 choses sauoir et estre bñ maliciex.

1233 2218 1168 129 Toute foiz cest impossible. que sãz

1233 2302 1188 132 elle on puist estre bon. ¶ Or laissõ

1237 2409 1164 125 a ꝑler des u̾tus intellectuaux si cõ-

1237 2496 1177 139 me sont les sciences speculatiues et

1233 2593 1185 129 traitons des u̾tus moraux. Qrͣ noꝰ

1233 2690 1178 115 auõs empris ceste oeuure nõ pas

1237 2777 1177 132 pour sauoir a quoi enclinẽt les u̾-

1230 2875 1174 131 tus ĩtellectuaux. Et pour ce nen

1240 2972 1213 135 parlerõs plus quant a p̾sent. mes

1237 3072 1191 122 pour estre bons a quoi enclinẽt les

1237 3159 1171 122 uertuz moraux ¶ Pour quoy noꝰ

1233 3250 1171 128 traiterõs de cestes quant a p̾sent.

1233 3350 1192 118 et dirõs que elles sont en lenten-

1233 3430 1192 129 dem̃t ⁊ en lappetit. ¶ Ore a il en

1240 3524 1199 139 nr̃e ame .ii. apetiz. lun est sensitif

1240 3631 1178 122 et lautre intellectif. cest uolente.

1250 3715 1199 135 Pour quoy est a sauoir q̃ lapetit

1243 3812 1199 142 sensitif ensint la cognoissance des

1240 3913 1192 121 sens. Et lapetit intellectif qͥ a nõ

1240 4006 1192 115 uolente sensuit la cognoissance de

1243 4100 1199 122 lentendem̃t. Que tout aussi ꝯme

1243 4194 1175 118 nature a donne une inclinaciõ qͥ

1243 4284 1185 118 ensuit a la forme des choses natu-

1243 4378 1199 125 reles q̃ nous appelõs appetit natu-

1240 4465 1192 142 rel. Par quoy elles tendẽt en ce

1240 4562 1171 188 qui leur est conuenable selõc le᷑

2644 472 719 184 du p̃mier liure

2630 795 1136 121 nature si ꝯme a la forme naturel-

2630 888 1122 143 le du feu. ensuit legierete qui est

2633 979 1119 146 une inclinaciõ ⁊ apetit naturel ꝑ

2626 1086 1123 132 quoy il tent au lieu qui li est ꝯue-

2630 1187 1126 104 nable selonc nature cest le lieu :

2633 1270 1137 118 haut. Aussi est il de lappetit de la-

2630 1361 1147 125 me qrͣ a la forme de nr̃e cognoissã-

2630 1472 1160 100 ce ensuit une inclinacion par quoi

2630 1552 1164 125 lame desire ce que elle cognoist. Et

2633 1642 1151 135 cest lapetit de lame ꝑ quoy on tẽt

2637 1739 1147 122 a auoir et poursuir ce que la cogͦis-

2637 1847 1126 114 sance iuge bon ou a fuir ce q̃ elle

2640 1944 1154 115 iuge mauuais. ¶Et pour ce que

2637 2010 1140 139 nous auõs en nous double cogͦis-

2637 2111 1133 125 sance. Cest assauoir sensitiue ⁊ in-

2640 2215 1137 118 tellectiue. De la uient que nous a-

2644 2309 1133 111 uõs double appetit. sensitif ⁊ intel-

2633 2378 1161 139 lectif que ensuit ceste double cogͦis-

2637 2486 1133 121 sance. Mais lappetit sensitif est

2644 2579 1115 132 double en nous. quar nous en a-

2637 2680 1157 111 uõs .ii. Lune est apele ꝯcupiscible

2637 2774 1157 121 Cest a dire conuoiteux de bñ delita-

2640 2864 1150 125 ble. Et lautre irascible. Cest a di-

2647 2961 1116 111 re qui ⟦es⟧ esmuet lame ꝯtre les

2644 3041 1129 136 choses musables. ¶Mais lape-

2644 3131 1133 136 tit intellectif nest point double ẽ

2647 3236 1154 139 nous. Qrͣ nons nauõs q̃ une uo-

2651 3315 1133 143 lente. ¶ La cause pour quoi lap-

2644 3430 1119 129 petit sensitif est double en lame.

2647 3503 1150 135 et lintellectif nõ. si est. Qrͣ lapetit

2647 3607 1147 136 sensitif ensint la cognoissãce sensi-

2647 3711 1147 118 tiue. aussi ꝯme lapetit naturel en

2647 3798 1178 146 suit les formes des choses nat᷑eles.

2644 3888 1157 150 ¶ Or a nature donne un apetit ꝑ

2640 3979 1137 125 quoy les choses naturex tẽdent

2647 4076 1168 132 a soy reposer en leur ꝓpre lieu qui

2651 4177 1146 128 leur est conuenable si ꝯme le feu

2647 4260 1157 139 ꝑ sa legierete tent en hant po᷑ soy

2651 4354 1136 135 la reposer. Et leur a donne aussi

2654 4447 1157 143 un autre apetit par quoi elle resis-

2647 4541 1143 215 tent a ce qui leur puet nuire et
