4267 6175
611 507 820 148 du gouuernement

538 782 1185 133 empeeschier de uenir a leur lieu na-

535 878 1167 113 turel. Si ꝯme nature a donne au

535 960 1147 127 feu chaleur ꝑ quoi il resiste art et

528 1053 1140 120 corront tout ce qui lempeesche de

535 1132 1147 140 monter haut en son ꝓpre lieu. aus-

535 1228 1147 140 si est il en lame. qrͣ qnͣt la cognois-

535 1331 1133 126 sance sensitiue iuge aucune chose

528 1420 1150 127 delitable selonc les sens. A ce sen-

528 1506 1126 137 suit .i. appetit ꝑ quoi on desire. et

535 1598 1119 131 conuoite a poursuir tele chose po᷑

535 1701 1133 124 soy en ce deliter et reposer. Et cest

535 1787 1136 130 apetit est apele un apetit ꝯcupisci-

528 1893 1130 124 ble ou conuoitex qui est tout un.

528 1982 1130 120 Qrͣ il ensuit la cognoissãce qui re-

535 2075 1150 127 garde le bien en tant ꝯme delitable

535 2147 1112 148 et que on couuoite. ¶ Or pueẽt

528 2253 1119 120 młt de choses nuire ⁊ empeeschier

528 2349 1130 117 la ꝓsecucion de cel bien. Po᷑ quoi

528 2439 1133 127 cest fort dataindre et de uenir au

528 2521 1133 130 bñ que on desire. Et pour ce nat᷑e

528 2617 1164 127 qui ne fant point es choses neccessai-

528 2720 1136 110 res a pourueu lame de cognoissãce

528 2813 1126 109 sensitiue par quoi elle cognoist la

528 2898 1143 124 hautesce de celes choses ꝑ la quelle

528 2991 1126 117 elles pueent nuire et empeeschier

528 3097 1126 114 la ꝓsecucion du bien delitable. a

528 3183 1130 110 quoi ensuit un apetit qui est apele

535 3272 1123 117 irascible qui esmuet lame a resis-

528 3372 1130 120 ter ⁊ eschiuer touz ces empeeschem̃s

535 3461 1140 110 Par quoy apiert clerem̃t que la-

538 3543 1154 120 petit sensitif est double en nous. qrͣ

528 3639 1150 117 lun est ꝯcupiscible ⁊ lautre est iras-

518 3735 1167 117 cible si ꝯme est declairie. Mais la

521 3825 1137 116 uolente nest point doublee. quar

528 3934 1154 103 pour ce que la uolente ensuit la co-

525 4017 1112 127 gnoissance de lentẽdem̃t qui iuge

528 4113 1109 116 et cognoit le bñ nõ pas en ꝑticu-

521 4199 1137 123 lier ꝯme le sens. Mais en sa rai-

518 4301 1116 110 sõ ꝯmune ⁊ uniu̾sele. Il ꝯuient

514 4387 1123 127 q̃ la uolente tende en bñ. nõ pas

514 4480 1126 192 en un particulier tant seulemẽt

1915 768 1171 123 Mais generaumẽt en toute rai-

1915 871 1150 103 son de bien. Par quoi une sans

1915 960 1219 110 diuision se puet estaindre a desirer

1912 1049 1170 113 le bñ delitable. et pour le po᷑rsuir.

1908 1128 1195 117 Et pour resister ad ce qui puet nui-

1905 1235 1167 102 re ⁊ empeeschier ceste prosecucion.

1908 1331 1171 116 Et de ce uient que lapetit sensitif

1905 1427 1181 109 est double en nous. Donc lun est

1905 1512 1191 120 cõcupiscible et lautre irascible et

1908 1598 1184 137 la uolente nõ. ¶ Donc se noꝰ pre-

1908 1687 1205 138 nõs les u̾tuz moraux un pou lar-

1905 1790 1167 127 gem̃t. en contant prudence entre

1908 1883 1174 120 les u̾tus moraux. Il en y a .iiii.

1915 1986 1160 116 principaux qui sont apelees cardi--

1915 2072 1188 116 naux de quoy traiterons ap̾s ⁊ sõt

1905 2161 1215 120 es puissances de lame si ꝯme est dit

1905 2264 1177 120 en lappetit ⁊ en lentendem̃t. ⁊ ray-

1912 2353 1187 117 sonnablemẽt. Quar attrempance

1912 2449 1160 113 ꝑ quoy on a bien es delectacions

1901 2535 1185 127 sensibles est en lapetit ꝯcupiscible

1905 2627 1181 120 qui tent au bien delitable. et force

1901 2723 1181 127 ꝑ quoi on resiste deuement as cho-

1901 2816 1174 123 ses pilleuses est en lappetit irasci-

1898 2895 1194 137 ble qui esmuet a resister as choses

1898 3005 1181 123 nuisables ⁊ empeeschauz. Et iusti-

1898 3090 1174 121 ce ꝑ quoy on fait a chascun raysõ.

1898 3180 1215 123 en la uolente qui ensuit la cognois-

1894 3276 1188 123 sance de lentendement ⁊ de rayson.

1898 3358 1205 134 Prudẽce qui est moienne entre les

1894 3468 1216 110 uertus intellectuaux ⁊ les u̾tuz mo-

1891 3547 1184 120 raux est en lentendem̃t pratiq̃ qui

1891 3639 1222 138 enclost uolente ⁊ entendem̃t Quã-

1894 3753 1188 109 tes uertus moraux sont et com-

1888 3838 1156 124 ment elles sont nombrees. iii.

2231 3938 824 120 philosophe uers la fin

2162 4030 879 120 du secont dechiques sauz

2183 4116 875 131 ces .ii. u̾tu. puidẽce ⁊ iusti

1904 4209 1184 128 fe. nombre .x. u̾tuz moraur. Et aĩ

1918 4308 1154 113 si a couter ces .ii. en y a .xii. force.

1888 4391 1156 137 Atrempance. Amour de honeur.

1881 4494 1208 181 Maguimte. Libalite. Magͥlicẽce

2032 497 1369 189 des punces . Cxoiii.
