2479 3508
539 1917 846 68 ¶ Quomodo diuiduntur potẽtia anima

598 1976 783 80 & in quibus potentiis habent esse uirtu¬

592 2038 766 72 tes. Capitulum primum.

947 2087 429 76 OSTQUAM au

947 2136 432 79 xiliante deo cõpleui

947 2201 429 79 mꝰ primã partẽ hu

947 2259 435 70 ius primi libri ĩ quo

947 2318 435 73 agit᷑ de regimie sui:

968 2377 419 80 ostendentes in quo

970 2443 419 74 reges & prĩcipes su

947 2490 435 70 am foelicitatẽ debe

545 2547 844 74 ant ponere:quia non decet eos suum finem

547 2611 840 74 ponere in diuitiis: nec in ciuili potẽtia: nec

547 2666 840 79 in aliquibus:sed omnibus his ut supra pleni

547 2734 840 62 us probabatur: debent uti tanquam organis

543 2781 838 126 ad foelicitatem. Suam autem foelicitatẽ po

1444 270 820 88 nere debent in actu prudentiae prout: talis

1446 337 820 76 actus est imparatus a caritate: nam tunc re¬

1449 393 817 82 ges habent foelicitatem suo statui debitam

1449 454 819 79 & condignam:quando instigante dei dile¬

1448 512 820 74 ctione secundum prudentiã regitiuam gen

1448 572 822 73 tem sibi commissam secundum legem & ra

1446 635 822 64 tionem sancte & iuste regant. Principaliter

1446 687 824 80 ergo regũ foelicitas ponenda est in ipso deo

1449 744 819 74 & ex cognitione & dilectione eius studium

1446 804 824 73 suum & uitam suam ad hoc ordinare debet

1446 865 822 70 ut cognoscentes & diligentes deum tanquã

1448 919 820 74 ueri ministri eius secundum ordinem ratio

1448 978 779 74 nis dirigant populum sibi commissum.

1449 1034 819 80 ¶ His ergo itaq peractis & ostẽso in quo

1448 1095 818 78 reges ponere debeant suum finem secun¬

1448 1153 820 80 dum ordinem superius praetaxatum : restat

1451 1212 819 74 ostẽdere quibus uirtutibus reges pollere de

1448 1274 822 72 heant. Uirtutes autem quaedam sunt quidã

1449 1333 819 70 ornatus : & quaedam perfectiones anima:

1449 1387 817 74 oportet ergo prius ostendere quot sunt po

1449 1449 819 71 tentia anima: & in quibus potentiis habẽt

1448 1508 818 68 esse uirtutes. Consequenter autem manife¬

1449 1563 817 70 stabitur quomodo uirtutes sunt distinguen

1446 1625 818 68 da. Postea uero ostendemus quot sunt nu¬

1449 1676 813 74 mero huiusmodi uirtutesi & quae illarũ sunt

1448 1734 812 78 principales : & secundariae. Deinde autem

1449 1794 813 73 declarabitur singulariter quae sit unaquaq

1449 1853 819 70 illarum uirtutom & quomodo decet reges

1449 1906 823 77 & principes tales uirtutes habere.¶Poten

1448 1968 824 70 tiae autem animae sic distingui possunt:quia

1448 2024 824 84 potentiae anima quaedam sunt naturales:

1448 2087 824 72 quaedam cognitiuae sensitiuae: quaedam ap¬

1449 2147 829 76 petitiuae:& quadam intellectiuae.Naturales

1449 2200 827 82 potentiae sunt illae in quibus communica¬

1451 2256 829 82 mus cum uegetabilibus & plantis:ut poten¬

1451 2323 829 66 tia nutritiua: augmentatiua:generatiua :&

1451 2373 825 70 talia quae etiam ipsis arboribus competunt.

1451 2428 817 72 Potentiae uero cognitiua sensitiua sunt ui¬

1449 2490 815 72 sus gustus auditus & talia in quibus commu

1453 2543 809 78 nicamus cum brutis. Appetitiuae uero disti¬

1453 2599 813 84 guuntur : nam quidam appetitus est in ho¬

1451 2658 821 76 mine in quo non communicat cum bru¬

1448 2720 828 72 tis ut est appetatus sequens intellectum:

1449 2775 829 101 quidam uero in quo communicat cum eis

2032 2839 242 92 ut appetitus
