2368 3600
126 298 802 110 estre ⁊ coment noꝰ puissons estre de gnͣt

126 380 174 76 corage.

124 438 818 100 Le xxiii chapitre enseigne qnͣtz des cõ-

110 510 824 102 dicions li home ad de gnͣt corage. ⁊ qil a-

120 584 822 106 fiert meismement q̃ les Rois ⁊ les pͥnces

120 652 224 84 les eyent.

154 718 774 118 Le .xxiiii. chapitre enseigne coment

120 794 846 112 les Rois ⁊ les pnͥces deuient am᷑ honor

118 866 820 98 et qele est la u̾tue qom apele am᷑ hon᷑

122 940 816 96 Le .xxu. chaptͤ ẽseigne qamꝰ donour

90 1014 854 88 peot estre ouec humilite. et cil qad u̾tu

114 1084 832 96 de magnanimite qom apele utue de gnͣt

110 1154 814 102 coer ⁊ de gnͣt corage: ne peot estre saũz

112 1230 238 82 humilite.

200 1300 734 106 Le .xxui ͤ. chapitre enseigne quele cho-

110 1376 810 98 se est humilite de quei filozofe ꝑle: et

106 1450 814 94 en quele chose ele doit estre. et qil afi-

104 1512 814 100 ert meismement as Rois ⁊ as pͥnces

104 1584 426 86 qil soient humbles

138 1644 778 106 Le .xxuii. chapit ͤ enseigne mesme--

98 1726 812 92 ment ceo qafiert as Rois ⁊ as pͥnces

98 1790 822 98 qil eient totes les u̾tuz qil pount au̾

102 1862 726 86 ꝑfitement lune u̾tu saunz laltre

162 1930 752 100 Le .xxuiii. chapitre enseigne quele

96 2008 832 76 chose est u̾tue qun apele benurete et ẽ

100 2070 838 94 quele chose debon̾ete doit estre car il afi-

94 2138 778 100 ert qe les rois ⁊ les pͥnces i soient.

118 2226 808 82 Le .xxix ͤ. chapitre enseigne quele cho-

98 2284 832 96 se est amiablete. ⁊ en quele chose sele

98 2348 818 94 u̾tue doit estre. ⁊ qe les Rois ⁊ les pͥn-

94 2418 594 94 ces doiuent estre aimables

112 2482 808 106 Le .xxx ͤ. chapitre ẽseigne quele chose

88 2576 832 76 est uite ⁊ en quele chose ele doit estre ⁊

88 2632 816 96 qil afiert as rois ⁊ as pͥnces qil soi-

90 2706 330 90 ent u̾itables.

106 2772 822 96 ¶Le .xxxi. chapitre quele chose est une

92 2848 802 116 uertu qom apele en latin ioensete ꝑ

1062 328 774 104 cũ len set auenaument auoir en ieus

1066 400 782 104 ⁊ en festes. ⁊ enseignẽt coment les rois

1066 470 830 94 i les pͥnces deiuent estre ioious ⁊ esbatãz

1070 530 582 116 Le .xxxii ͤ. chapit ͤ ẽseigne

1060 618 776 90 man̾es sunt des bons ⁊ des malueis

1058 686 806 102 et ẽseigne cest chapit ͤ quele maniere

1056 758 814 90 de bonte les rois ⁊ les pͥnces deuiẽt au̾.

1200 1526 720 94 uis qe noꝰ auoms enseigne en

1198 1598 658 80 la premere ꝑtie de ceo liure qe

1050 1666 806 84 les Rois ⁊ les pͥnces sunt benurez qnͣt

1048 1736 808 82 il aiment dieu ⁊ pur lam᷑ de dieu si co-

1050 1802 824 86 me bons sergauntz ⁊ leaus. ⁊ il entẽdẽt

1046 1870 818 90 a gouern̾ sagement le poeple solonc re-

1050 1944 806 84 son ⁊ loy: Nous dirrons queles u̾tuz

1048 2006 800 94 les rois ⁊ les pnͥces deuient auer. ⁊ p᷑

1040 2080 814 90 ceo qe les u̾tuz funt lalme ꝑfit: il co-

1048 2150 794 84 uient p̾merement sauoir: qnͣtz ces pꝰ-

1038 2218 800 86 saunces lalme ad. et queles u̾tuz des

1046 2296 830 80 bones oeures doiuent estre. Et apres:

1048 2372 800 76 nous dirrom de chesꝯne quele ele est.

1044 2434 812 88 ⁊ coment les rois ⁊ les pͥnces deiuent

1036 2502 798 84 auoir tieles u̾tus . ⁊ dirroins queles

1042 2570 818 94 u̾iues sunt plus pͥncipals des autres.

1022 2646 832 82 Donc ioꝰ deuoms sauer qe lalme ad

1028 2704 826 102 .iiii. manieres des p̾saunces. les unes

1038 2782 820 90 sunt natureles come la u̾tue qe n᷑rist

1040 2860 792 88 ⁊ la u̾tue qacroit. ⁊ la u̾tue qengẽdre
