<?xml version="1.0" encoding="UTF-8"?>
<alto xmlns:xsi="http://www.w3.org/2001/XMLSchema-instance"
      xmlns="http://www.loc.gov/standards/alto/ns-v4#"
      xsi:schemaLocation="http://www.loc.gov/standards/alto/ns-v4# http://www.loc.gov/standards/alto/v4/alto-4-2.xsd">
  <Description>
    <MeasurementUnit>pixel</MeasurementUnit>
    <sourceImageInformation>
      <fileName>W144.pdf_page_42.png</fileName>
      <fileIdentifier>pdf//W144.pdf</fileIdentifier>
    </sourceImageInformation>
  </Description>
  <Tags>
    <OtherTag ID="BT1" LABEL="Title" DESCRIPTION="block type Title"/><OtherTag ID="BT2" LABEL="Main" DESCRIPTION="block type Main"/><OtherTag ID="BT3" LABEL="Commentary" DESCRIPTION="block type Commentary"/><OtherTag ID="BT4" LABEL="Illustration" DESCRIPTION="block type Illustration"/><OtherTag ID="BT46" LABEL="text" DESCRIPTION="block type text"/>
    <OtherTag ID="LT41" LABEL="default" DESCRIPTION="line type default"/>
  </Tags>
  <Layout>
    <Page WIDTH="2338"
          HEIGHT="3600"
          PHYSICAL_IMG_NR="17"
          ID="eSc_dummypage_">
      <PrintSpace HPOS="0"
                  VPOS="0"
                  WIDTH="2338"
                  HEIGHT="3600">
        <TextBlock HPOS="488"
                   VPOS="336"
                   WIDTH="844"
                   HEIGHT="2614"
                   ID="eSc_textblock_206c73f9"
                   TAGREFS="BT46">
          <Shape><Polygon POINTS="538 336 1268 344 1300 368 1332 1904 1308 2064 1332 2646 1300 2950 504 2942 488 1184 512 360 538 336"/></Shape>
          <TextLine ID="eSc_line_9a2f000d"
                    TAGREFS="LT41"
                    BASELINE="522 408 1266 388" 
                    HPOS="520"
                    VPOS="342"
                    WIDTH="746"
                    HEIGHT="94">
            <Shape><Polygon POINTS="1260 344 1240 344 1220 344 1218 344 1188 350 1156 344 1140 344 1120 344 1114 344 1078 352 1058 342 1048 342 1032 356 994 356 978 344 976 342 960 342 958 342 952 344 916 356 902 346 900 346 898 346 896 346 894 346 892 346 892 348 890 348 882 358 836 348 834 348 832 348 830 348 802 356 788 350 778 344 776 344 774 344 772 344 746 350 700 362 662 352 640 348 638 348 520 356 522 408 522 436 1266 422 1266 388 1260 344 1260 344"/></Shape>
	    <String CONTENT="les altres pꝰsaunces del alme sunt coms"
                    HPOS="520"
                    VPOS="342"
                    WIDTH="746"
                    HEIGHT="94"></String>
          </TextLine>
          <TextLine ID="eSc_line_08e7429a"
                    TAGREFS="LT41"
                    BASELINE="520 476 1260 458" 
                    HPOS="518"
                    VPOS="412"
                    WIDTH="742"
                    HEIGHT="98">
            <Shape><Polygon POINTS="520 476 520 498 598 510 600 510 602 510 646 498 680 508 682 508 684 508 786 496 804 492 908 492 912 494 924 502 926 502 928 502 930 502 1006 492 1044 488 1054 492 1068 498 1070 498 1072 498 1074 498 1098 492 1116 486 1124 490 1132 496 1134 496 1136 496 1138 496 1140 496 1158 490 1180 484 1258 488 1260 458 1258 424 1230 412 1228 412 1226 412 1112 422 1100 414 1098 414 1096 414 1094 414 1092 414 1064 428 1038 416 1036 416 1034 416 1032 416 1006 430 1002 432 908 432 904 432 846 420 844 420 768 436 760 436 740 436 574 428 572 428 518 440 520 476"/></Shape>
	    <String CONTENT="saunz: si come uewe. goust est bel tou-"
                    HPOS="518"
                    VPOS="412"
                    WIDTH="742"
                    HEIGHT="98"></String>
          </TextLine>
          <TextLine ID="eSc_line_7397d5cc"
                    TAGREFS="LT41"
                    BASELINE="516 546 1294 528" 
                    HPOS="514"
                    VPOS="480"
                    WIDTH="780"
                    HEIGHT="104">
            <Shape><Polygon POINTS="516 546 516 572 552 584 554 584 556 584 558 584 598 570 600 570 602 570 624 580 626 580 628 580 698 568 704 568 710 568 768 580 770 580 970 564 992 574 994 574 996 574 1120 572 1292 554 1294 528 1292 496 1254 480 1252 480 1250 480 1104 498 1032 484 1030 484 958 500 866 490 864 490 770 506 742 498 740 498 738 498 596 510 546 496 544 496 542 496 540 496 514 510 516 546"/></Shape>
	    <String CONTENT="chement ⁊ les altres sens del bome. Une"
                    HPOS="514"
                    VPOS="480"
                    WIDTH="780"
                    HEIGHT="104"></String>
          </TextLine>
          <TextLine ID="eSc_line_8ff47617"
                    TAGREFS="LT41"
                    BASELINE="516 616 1278 602" 
                    HPOS="514"
                    VPOS="556"
                    WIDTH="764"
                    HEIGHT="94">
            <Shape><Polygon POINTS="516 616 516 638 620 650 622 650 784 638 850 634 872 638 902 644 904 644 982 642 984 642 986 642 986 640 990 638 996 632 1010 638 1022 642 1024 642 1026 642 1056 638 1102 630 1124 638 1132 640 1134 640 1136 640 1278 636 1278 602 1274 566 1188 556 1186 556 1096 566 1080 556 1078 556 1076 556 1074 556 1072 556 1044 568 974 558 972 558 970 558 942 570 810 562 808 562 806 562 804 562 790 572 708 564 706 564 704 564 702 564 690 574 640 564 638 564 514 578 516 616"/></Shape>
	    <String CONTENT="altre pꝰsaũce del alme est qom apele en-"
                    HPOS="514"
                    VPOS="556"
                    WIDTH="764"
                    HEIGHT="94"></String>
          </TextLine>
          <TextLine ID="eSc_line_144c5df4"
                    TAGREFS="LT41"
                    BASELINE="516 682 1284 666" 
                    HPOS="514"
                    VPOS="620"
                    WIDTH="770"
                    HEIGHT="90">
            <Shape><Polygon POINTS="516 682 516 710 994 710 994 708 996 708 998 708 1002 706 1014 696 1216 694 1280 702 1284 666 1282 632 1266 620 1264 620 1262 620 1260 620 1098 636 1088 636 1080 636 994 624 992 624 990 624 988 624 968 636 964 640 514 640 516 682"/></Shape>
	    <String CONTENT="tendement. les altres pꝰsaunces del al"
                    HPOS="514"
                    VPOS="620"
                    WIDTH="770"
                    HEIGHT="90"></String>
          </TextLine>
          <TextLine ID="eSc_line_06c632fe"
                    TAGREFS="LT41"
                    BASELINE="516 758 1276 746" 
                    HPOS="514"
                    VPOS="706"
                    WIDTH="762"
                    HEIGHT="78">
            <Shape><Polygon POINTS="516 758 516 784 1140 784 1140 782 1142 782 1144 782 1156 772 1252 780 1254 780 1256 780 1276 768 1276 746 1270 708 872 716 868 716 828 706 826 706 824 706 720 718 640 708 638 708 636 708 600 720 536 710 534 710 532 710 530 710 514 718 516 758"/></Shape>
	    <String CONTENT="sunt dites puissaunce disiraunt dont"
                    HPOS="514"
                    VPOS="706"
                    WIDTH="762"
                    HEIGHT="78"></String>
          </TextLine>
          <TextLine ID="eSc_line_dde51356"
                    TAGREFS="LT41"
                    BASELINE="516 830 1288 816" 
                    HPOS="514"
                    VPOS="768"
                    WIDTH="774"
                    HEIGHT="92">
            <Shape><Polygon POINTS="516 830 516 852 780 850 782 850 834 860 836 860 1288 842 1288 816 1282 768 950 786 906 774 904 774 902 774 900 774 898 774 896 774 844 788 804 776 802 776 800 776 796 776 720 788 672 778 666 778 664 778 662 778 660 778 646 790 514 782 516 830"/></Shape>
	    <String CONTENT="lome est dite uolunte qest desir del entẽ-"
                    HPOS="514"
                    VPOS="768"
                    WIDTH="774"
                    HEIGHT="92"></String>
          </TextLine>
          <TextLine ID="eSc_line_2e30f428"
                    TAGREFS="LT41"
                    BASELINE="510 892 1290 878" 
                    HPOS="508"
                    VPOS="838"
                    WIDTH="782"
                    HEIGHT="86">
            <Shape><Polygon POINTS="510 892 510 924 1064 922 1066 922 1072 920 1116 910 1286 918 1290 878 1284 838 508 848 510 892"/></Shape>
	    <String CONTENT="dement : ⁊ lautre est desir des .u. sens del"
                    HPOS="508"
                    VPOS="838"
                    WIDTH="782"
                    HEIGHT="86"
                    WC="0.9816664254123514"></String>
          </TextLine>
          <TextLine ID="eSc_line_8111c5fc"
                    TAGREFS="LT41"
                    BASELINE="510 956 1280 946" 
                    HPOS="508"
                    VPOS="904"
                    WIDTH="772"
                    HEIGHT="88">
            <Shape><Polygon POINTS="510 956 512 992 538 980 600 990 608 990 610 990 612 990 614 990 614 988 624 980 676 988 684 988 686 988 688 988 690 988 690 986 700 978 788 978 802 984 812 988 814 988 816 988 818 988 832 984 854 976 910 982 962 986 964 986 966 986 968 986 976 980 982 976 1042 978 1186 982 1188 982 1278 970 1280 946 1276 914 1206 904 1204 904 1142 914 1122 916 1110 914 1084 906 1082 906 1080 906 1010 914 966 918 508 916 510 956"/></Shape>
	    <String CONTENT="home: ⁊ pooins ꝓuer ꝑ .iii. resons qe les"
                    HPOS="508"
                    VPOS="904"
                    WIDTH="772"
                    HEIGHT="88"
                    WC="0.9692114126391527"></String>
          </TextLine>
          <TextLine ID="eSc_line_0b1a47c3"
                    TAGREFS="LT41"
                    BASELINE="508 1030 1290 1020" 
                    HPOS="506"
                    VPOS="974"
                    WIDTH="784"
                    HEIGHT="90">
            <Shape><Polygon POINTS="508 1030 508 1054 688 1064 690 1064 738 1054 786 1064 788 1064 790 1064 820 1052 846 1062 848 1062 850 1062 920 1052 974 1062 976 1062 1064 1050 1220 1058 1222 1058 1290 1044 1290 1020 1286 976 1198 974 1196 974 1194 974 1192 974 1192 976 1190 976 1184 982 1174 976 1172 974 1170 974 1168 974 1166 974 1164 974 1154 976 1122 988 1110 978 1110 976 1108 976 1106 976 1062 976 1060 976 1040 978 962 990 922 980 914 978 912 978 910 978 908 978 906 978 904 980 892 990 860 982 858 982 856 982 854 982 814 992 782 982 776 980 774 980 772 980 770 980 768 980 766 982 754 992 708 982 702 982 700 982 698 982 694 982 654 994 506 986 508 1030"/></Shape>
	    <String CONTENT="u̾tuz ces bones oeures qe noꝰ aquerrõs"
                    HPOS="506"
                    VPOS="974"
                    WIDTH="784"
                    HEIGHT="90"></String>
          </TextLine>
          <TextLine ID="eSc_line_912c0d55"
                    TAGREFS="LT41"
                    BASELINE="506 1102 1288 1090" 
                    HPOS="504"
                    VPOS="1042"
                    WIDTH="784"
                    HEIGHT="92">
            <Shape><Polygon POINTS="506 1102 506 1134 638 1124 714 1130 762 1132 764 1132 766 1132 768 1132 774 1128 784 1122 822 1126 860 1130 862 1130 864 1130 882 1124 898 1120 980 1122 1152 1126 1154 1126 1288 1112 1288 1090 1284 1052 1228 1042 1226 1042 1148 1052 1130 1054 1120 1052 1080 1042 1078 1042 1076 1042 1074 1042 1072 1042 1072 1044 1062 1052 1060 1054 1058 1052 1028 1044 1026 1044 1024 1044 1022 1044 990 1054 982 1056 978 1054 970 1046 970 1044 968 1044 966 1044 918 1042 916 1042 914 1042 912 1042 894 1054 888 1058 864 1054 802 1044 800 1044 798 1044 772 1054 766 1058 758 1056 738 1046 736 1046 734 1046 732 1046 702 1056 694 1058 692 1056 680 1046 678 1046 676 1046 674 1046 504 1056 506 1102"/></Shape>
	    <String CONTENT="ꝑ acustumaunce de bien fere. ne sunt"
                    HPOS="504"
                    VPOS="1042"
                    WIDTH="784"
                    HEIGHT="92"
                    WC="0.9830027967691422"></String>
          </TextLine>
          <TextLine ID="eSc_line_4185cf83"
                    TAGREFS="LT41"
                    BASELINE="508 1172 1292 1166" 
                    HPOS="506"
                    VPOS="1116"
                    WIDTH="786"
                    HEIGHT="92">
            <Shape><Polygon POINTS="508 1172 510 1208 560 1196 606 1208 614 1208 616 1208 646 1206 792 1194 838 1202 858 1206 860 1208 948 1208 948 1206 950 1206 964 1200 982 1194 1006 1200 1022 1204 1024 1204 1026 1204 1290 1194 1292 1166 1288 1116 1258 1116 1256 1116 1254 1116 1252 1116 1252 1118 1236 1134 1160 1134 1128 1120 1122 1118 1120 1118 1118 1118 1116 1118 1108 1120 1074 1132 1038 1122 1032 1122 1030 1122 1028 1122 1026 1122 1024 1122 1024 1124 1004 1136 870 1136 860 1128 848 1118 846 1118 844 1118 842 1118 840 1118 816 1130 810 1132 804 1130 770 1118 768 1118 766 1118 764 1118 720 1132 708 1136 698 1134 654 1120 652 1120 552 1120 550 1120 548 1120 506 1136 508 1172"/></Shape>
	    <String CONTENT="pas pꝰsaunces del alme naturele ne es"
                    HPOS="506"
                    VPOS="1116"
                    WIDTH="786"
                    HEIGHT="92"></String>
          </TextLine>
          <TextLine ID="eSc_line_2814c1df"
                    TAGREFS="LT41"
                    BASELINE="496 1238 1294 1230" 
                    HPOS="494"
                    VPOS="1184"
                    WIDTH="800"
                    HEIGHT="94">
            <Shape><Polygon POINTS="496 1238 496 1272 592 1266 620 1274 632 1278 634 1278 636 1278 638 1278 640 1278 646 1274 660 1266 682 1274 688 1276 690 1276 692 1276 694 1276 698 1274 720 1264 836 1274 854 1274 856 1274 858 1274 862 1274 894 1262 950 1262 962 1272 962 1274 964 1274 966 1274 968 1274 986 1272 1066 1262 1092 1272 1094 1272 1096 1272 1292 1270 1294 1230 1288 1194 1188 1196 1182 1194 1160 1184 1158 1184 1156 1184 1106 1194 1086 1198 1054 1194 980 1186 978 1186 976 1186 974 1186 974 1188 966 1196 962 1200 778 1200 758 1198 708 1188 706 1188 494 1198 496 1238"/></Shape>
	    <String CONTENT=".u. sens del home. La p̾mere reson est"
                    HPOS="494"
                    VPOS="1184"
                    WIDTH="800"
                    HEIGHT="94"></String>
          </TextLine>
          <TextLine ID="eSc_line_393981c6"
                    TAGREFS="LT41"
                    BASELINE="502 1312 1268 1304" 
                    HPOS="500"
                    VPOS="1254"
                    WIDTH="768"
                    HEIGHT="84">
            <Shape><Polygon POINTS="502 1312 502 1338 1266 1330 1268 1304 1264 1268 1184 1254 1182 1254 1180 1254 1178 1254 1164 1266 1134 1258 1132 1258 1130 1258 1080 1268 1070 1268 1048 1268 924 1258 922 1258 920 1258 888 1268 874 1272 790 1272 786 1268 778 1260 778 1258 776 1258 774 1258 772 1258 670 1268 610 1274 564 1274 558 1268 550 1260 548 1260 546 1260 544 1260 500 1266 502 1312"/></Shape>
	    <String CONTENT="qe por les u̾tuz des bones oeures lem"
                    HPOS="500"
                    VPOS="1254"
                    WIDTH="768"
                    HEIGHT="84"
                    WC="0.971337845196595"></String>
          </TextLine>
          <TextLine ID="eSc_line_f3cac512"
                    TAGREFS="LT41"
                    BASELINE="508 1378 1290 1378" 
                    HPOS="508"
                    VPOS="1326"
                    WIDTH="782"
                    HEIGHT="86">
            <Shape><Polygon POINTS="508 1378 508 1400 762 1400 794 1410 796 1410 798 1410 868 1400 882 1410 884 1410 886 1410 888 1412 1160 1412 1160 1410 1162 1410 1164 1410 1178 1400 1230 1410 1232 1410 1290 1398 1290 1378 1290 1342 1086 1330 1084 1330 998 1340 862 1326 860 1326 858 1326 818 1340 628 1330 626 1330 624 1330 592 1340 548 1328 546 1328 544 1328 542 1328 508 1340 508 1378"/></Shape>
	    <String CONTENT="doit loer lome qnͣt il les ad: ⁊ blamer"
                    HPOS="508"
                    VPOS="1326"
                    WIDTH="782"
                    HEIGHT="86"></String>
          </TextLine>
          <TextLine ID="eSc_line_d31ff5f3"
                    TAGREFS="LT41"
                    BASELINE="506 1444 1280 1444" 
                    HPOS="506"
                    VPOS="1396"
                    WIDTH="774"
                    HEIGHT="82">
            <Shape><Polygon POINTS="506 1444 506 1462 744 1462 794 1478 818 1462 884 1478 1046 1478 1082 1462 1232 1478 1248 1462 1280 1462 1280 1444 1278 1404 898 1408 892 1406 878 1396 876 1396 874 1396 794 1396 792 1396 676 1408 668 1408 660 1408 562 1396 560 1396 506 1408 506 1444"/></Shape>
	    <String CONTENT="qnͣt il les ad confuz. Mes pur le bien"
                    HPOS="506"
                    VPOS="1396"
                    WIDTH="774"
                    HEIGHT="82"></String>
          </TextLine>
          <TextLine ID="eSc_line_beb372e5"
                    TAGREFS="LT41"
                    BASELINE="506 1518 1288 1510" 
                    HPOS="504"
                    VPOS="1462"
                    WIDTH="784"
                    HEIGHT="84">
            <Shape><Polygon POINTS="506 1518 506 1546 1286 1538 1288 1510 1284 1476 1134 1464 1132 1464 1130 1464 1100 1472 1086 1478 916 1478 898 1470 874 1462 872 1462 870 1462 868 1462 866 1462 856 1470 844 1480 792 1480 736 1468 700 1462 698 1462 696 1462 678 1468 634 1480 608 1466 602 1464 600 1464 598 1464 504 1464 506 1518"/></Shape>
	    <String CONTENT="n᷑rir. ne p᷑ bien estre acreu. ne por biẽ"
                    HPOS="504"
                    VPOS="1462"
                    WIDTH="784"
                    HEIGHT="84"></String>
          </TextLine>
          <TextLine ID="eSc_line_f4106fea"
                    TAGREFS="LT41"
                    BASELINE="502 1584 1296 1576" 
                    HPOS="500"
                    VPOS="1526"
                    WIDTH="796"
                    HEIGHT="86">
            <Shape><Polygon POINTS="502 1584 502 1612 1296 1610 1296 1576 1288 1526 1252 1536 902 1530 898 1530 896 1530 894 1530 692 1542 500 1534 502 1584"/></Shape>
	    <String CONTENT="uer ne por bien sentir: nul ne doit estͤ"
                    HPOS="500"
                    VPOS="1526"
                    WIDTH="796"
                    HEIGHT="86"
                    WC="0.9802604928612709"></String>
          </TextLine>
          <TextLine ID="eSc_line_c0b81bda"
                    TAGREFS="LT41"
                    BASELINE="508 1658 1296 1650" 
                    HPOS="506"
                    VPOS="1598"
                    WIDTH="790"
                    HEIGHT="92">
            <Shape><Polygon POINTS="508 1658 508 1690 562 1680 664 1688 680 1688 682 1688 1294 1674 1296 1650 1290 1608 1204 1612 1198 1606 1190 1600 1190 1598 1188 1598 1186 1598 1144 1598 1142 1598 1140 1598 1108 1606 1080 1616 924 1616 868 1606 838 1602 836 1602 834 1602 832 1602 828 1606 812 1616 724 1606 720 1606 718 1606 716 1606 688 1620 606 1620 582 1606 582 1604 580 1604 578 1604 576 1604 506 1604 508 1658"/></Shape>
	    <String CONTENT="pͥncipalment ne blame ne loe: sil nest"
                    HPOS="506"
                    VPOS="1598"
                    WIDTH="790"
                    HEIGHT="92"></String>
          </TextLine>
          <TextLine ID="eSc_line_907b104e"
                    TAGREFS="LT41"
                    BASELINE="502 1724 1284 1720" 
                    HPOS="500"
                    VPOS="1672"
                    WIDTH="784"
                    HEIGHT="78">
            <Shape><Polygon POINTS="502 1724 502 1750 1282 1748 1284 1720 1280 1682 1032 1672 1030 1672 1028 1672 1004 1682 980 1672 978 1672 976 1672 922 1682 892 1672 890 1672 888 1672 886 1672 844 1684 842 1686 782 1686 712 1686 550 1674 548 1674 546 1674 500 1686 502 1724"/></Shape>
	    <String CONTENT="ensi qe ꝑ trop beuire ⁊ ꝑ trop manger"
                    HPOS="500"
                    VPOS="1672"
                    WIDTH="784"
                    HEIGHT="78"
                    WC="0.9799951089395059"></String>
          </TextLine>
          <TextLine ID="eSc_line_a327c8ef"
                    TAGREFS="LT41"
                    BASELINE="506 1792 1266 1788" 
                    HPOS="504"
                    VPOS="1738"
                    WIDTH="762"
                    HEIGHT="90">
            <Shape><Polygon POINTS="506 1792 506 1816 576 1816 578 1818 588 1826 588 1828 590 1828 592 1828 594 1828 596 1828 622 1818 628 1816 664 1818 808 1828 810 1828 812 1828 814 1828 826 1818 832 1818 882 1828 884 1828 886 1828 920 1820 934 1816 938 1820 946 1826 948 1826 950 1826 952 1826 1006 1820 1052 1814 1066 1820 1078 1826 1080 1826 1082 1826 1264 1820 1266 1788 1262 1752 1034 1738 1032 1738 1030 1738 984 1750 832 1740 830 1740 682 1752 564 1740 562 1740 560 1740 504 1754 506 1792"/></Shape>
	    <String CONTENT="li acroit maladie. ꝑ quei tieles u̾tuz"
                    HPOS="504"
                    VPOS="1738"
                    WIDTH="762"
                    HEIGHT="90"></String>
          </TextLine>
          <TextLine ID="eSc_line_183e82a4"
                    TAGREFS="LT41"
                    BASELINE="500 1860 1292 1860" 
                    HPOS="500"
                    VPOS="1808"
                    WIDTH="792"
                    HEIGHT="88">
            <Shape><Polygon POINTS="500 1860 500 1886 1290 1896 1292 1860 1292 1818 1278 1808 1276 1808 1274 1808 1272 1808 1188 1822 1180 1822 1084 1822 1082 1820 1072 1810 1072 1808 1070 1808 1068 1808 978 1808 976 1808 974 1808 972 1808 956 1818 950 1822 860 1822 852 1816 842 1808 840 1808 838 1808 836 1808 834 1808 810 1816 794 1820 762 1814 718 1808 716 1808 714 1808 690 1814 662 1820 500 1812 500 1860"/></Shape>
	    <String CONTENT="sunt enpͦcher saunz lur oeures. Dõt"
                    HPOS="500"
                    VPOS="1808"
                    WIDTH="792"
                    HEIGHT="88"></String>
          </TextLine>
          <TextLine ID="eSc_line_4ecd9dc2"
                    TAGREFS="LT41"
                    BASELINE="502 1934 1320 1928" 
                    HPOS="500"
                    VPOS="1876"
                    WIDTH="820"
                    HEIGHT="86">
            <Shape><Polygon POINTS="502 1934 502 1962 1318 1962 1320 1928 1316 1890 1216 1878 1214 1878 1212 1878 1178 1888 1152 1876 1150 1876 1148 1876 1062 1888 1046 1892 942 1892 938 1888 928 1878 926 1878 924 1878 922 1878 872 1888 858 1890 842 1888 784 1878 782 1878 694 1880 692 1880 690 1880 680 1888 674 1892 636 1888 578 1880 576 1880 500 1886 502 1934"/></Shape>
	    <String CONTENT="en tieles pꝰsaunces: len ne doit pas met-"
                    HPOS="500"
                    VPOS="1876"
                    WIDTH="820"
                    HEIGHT="86"></String>
          </TextLine>
          <TextLine ID="eSc_line_2cd8e9a0"
                    TAGREFS="LT41"
                    BASELINE="504 2006 1286 2002" 
                    HPOS="502"
                    VPOS="1948"
                    WIDTH="784"
                    HEIGHT="82">
            <Shape><Polygon POINTS="504 2006 504 2028 1282 2030 1286 2002 1282 1960 1114 1948 1112 1948 1110 1948 1082 1962 1080 1964 998 1964 996 1962 968 1948 966 1948 964 1948 962 1948 934 1962 932 1964 856 1964 848 1964 770 1950 768 1950 702 1964 682 1950 680 1950 678 1950 592 1950 590 1950 502 1966 504 2006"/></Shape>
	    <String CONTENT="tre les u̾tuz ces bones oeures . ¶La"
                    HPOS="502"
                    VPOS="1948"
                    WIDTH="784"
                    HEIGHT="82"
                    WC="0.943211610118548"></String>
          </TextLine>
          <TextLine ID="eSc_line_c7ad625f"
                    TAGREFS="LT41"
                    BASELINE="510 2070 1278 2070" 
                    HPOS="510"
                    VPOS="2020"
                    WIDTH="768"
                    HEIGHT="86">
            <Shape><Polygon POINTS="510 2070 510 2094 758 2106 760 2106 1278 2100 1278 2070 1276 2020 606 2030 510 2020 510 2070"/></Shape>
	    <String CONTENT="seconde reson est qe les uertuz des bo-"
                    HPOS="510"
                    VPOS="2020"
                    WIDTH="768"
                    HEIGHT="86"></String>
          </TextLine>
          <TextLine ID="eSc_line_e1d1d16b"
                    TAGREFS="LT41"
                    BASELINE="510 2140 1274 2138" 
                    HPOS="508"
                    VPOS="2092"
                    WIDTH="766"
                    HEIGHT="80">
            <Shape><Polygon POINTS="510 2140 510 2172 1272 2164 1274 2138 1270 2102 596 2092 594 2092 508 2102 510 2140"/></Shape>
	    <String CONTENT="nes oeures sunt choses selom reson"
                    HPOS="508"
                    VPOS="2092"
                    WIDTH="766"
                    HEIGHT="80"></String>
          </TextLine>
          <TextLine ID="eSc_line_75a46145"
                    TAGREFS="LT41"
                    BASELINE="510 2214 1292 2214" 
                    HPOS="510"
                    VPOS="2162"
                    WIDTH="782"
                    HEIGHT="80">
            <Shape><Polygon POINTS="510 2214 510 2236 1290 2242 1292 2214 1288 2162 1264 2174 1196 2164 1180 2162 1178 2162 1138 2164 1016 2174 944 2168 874 2162 872 2162 870 2162 868 2162 858 2170 850 2176 796 2176 778 2170 740 2162 738 2162 736 2162 708 2172 700 2174 670 2172 548 2164 546 2164 544 2164 510 2174 510 2214"/></Shape>
	    <String CONTENT="⁊ deuient estre es pꝰsaunces del alme :"
                    HPOS="510"
                    VPOS="2162"
                    WIDTH="782"
                    HEIGHT="80"></String>
          </TextLine>
          <TextLine ID="eSc_line_91fff783"
                    TAGREFS="LT41"
                    BASELINE="508 2286 1282 2280" 
                    HPOS="506"
                    VPOS="2228"
                    WIDTH="776"
                    HEIGHT="82">
            <Shape><Polygon POINTS="508 2286 508 2310 1280 2306 1282 2280 1280 2240 1256 2228 1254 2228 1252 2228 1176 2240 1174 2240 1168 2240 960 2230 958 2230 956 2230 930 2242 930 2244 812 2244 808 2244 782 2232 780 2232 778 2232 776 2232 746 2244 744 2244 742 2244 720 2232 718 2232 716 2232 638 2242 596 2232 594 2232 592 2232 506 2244 508 2286"/></Shape>
	    <String CONTENT="qe obeissent a reson. Mes les puissaũ-"
                    HPOS="506"
                    VPOS="2228"
                    WIDTH="776"
                    HEIGHT="82"></String>
          </TextLine>
          <TextLine ID="eSc_line_920424bb"
                    TAGREFS="LT41"
                    BASELINE="510 2350 1302 2354" 
                    HPOS="508"
                    VPOS="2298"
                    WIDTH="794"
                    HEIGHT="78">
            <Shape><Polygon POINTS="510 2350 508 2372 1298 2376 1302 2354 1302 2312 1198 2300 1196 2300 1194 2300 1162 2310 1160 2310 1158 2310 1094 2300 1092 2300 1014 2310 1002 2310 788 2310 788 2308 760 2298 758 2298 756 2298 510 2306 510 2350"/></Shape>
	    <String CONTENT="ces nat᷑eles ne les .u. sens del home ne"
                    HPOS="508"
                    VPOS="2298"
                    WIDTH="794"
                    HEIGHT="78"></String>
          </TextLine>
          <TextLine ID="eSc_line_314f329f"
                    TAGREFS="LT41"
                    BASELINE="510 2420 1274 2416" 
                    HPOS="508"
                    VPOS="2368"
                    WIDTH="766"
                    HEIGHT="74">
            <Shape><Polygon POINTS="510 2420 510 2442 1272 2440 1274 2416 1270 2382 1094 2382 1068 2368 1066 2368 1064 2368 1062 2368 1036 2380 1022 2368 1020 2368 1018 2368 1016 2368 896 2380 806 2368 804 2368 802 2368 760 2382 690 2368 552 2368 550 2368 548 2368 508 2382 510 2420"/></Shape>
	    <String CONTENT="obeient pas a reson. Car clerement"
                    HPOS="508"
                    VPOS="2368"
                    WIDTH="766"
                    HEIGHT="74"
                    WC="0.9805194349849925"></String>
          </TextLine>
          <TextLine ID="eSc_line_61bc961b"
                    TAGREFS="LT41"
                    BASELINE="510 2484 1282 2480" 
                    HPOS="508"
                    VPOS="2432"
                    WIDTH="774"
                    HEIGHT="84">
            <Shape><Polygon POINTS="510 2484 510 2506 890 2516 892 2516 894 2516 932 2504 938 2504 970 2504 1194 2514 1196 2514 1280 2502 1282 2480 1280 2444 1240 2432 1238 2432 1236 2432 1234 2432 1190 2442 1052 2432 1050 2432 980 2442 976 2442 508 2442 510 2484"/></Shape>
	    <String CONTENT="ueer ou malueisement uer nest pas"
                    HPOS="508"
                    VPOS="2432"
                    WIDTH="774"
                    HEIGHT="84"></String>
          </TextLine>
          <TextLine ID="eSc_line_7b5a2f2b"
                    TAGREFS="LT41"
                    BASELINE="512 2558 1290 2554" 
                    HPOS="510"
                    VPOS="2502"
                    WIDTH="780"
                    HEIGHT="86">
            <Shape><Polygon POINTS="512 2558 512 2584 826 2578 836 2580 868 2588 870 2588 872 2588 1038 2576 1062 2576 1066 2576 1094 2586 1096 2586 1098 2586 1174 2576 1202 2586 1204 2586 1206 2586 1290 2572 1290 2554 1286 2516 1220 2502 1218 2502 1216 2502 1214 2502 1196 2514 1194 2514 1184 2514 1034 2502 1032 2502 930 2510 858 2516 510 2506 512 2558"/></Shape>
	    <String CONTENT="pͥncipalment en la poeste del home. ne"
                    HPOS="510"
                    VPOS="2502"
                    WIDTH="780"
                    HEIGHT="86"></String>
          </TextLine>
          <TextLine ID="eSc_line_6d2e72be"
                    TAGREFS="LT41"
                    BASELINE="516 2626 1316 2622" 
                    HPOS="514"
                    VPOS="2582"
                    WIDTH="802"
                    HEIGHT="72">
            <Shape><Polygon POINTS="516 2626 516 2648 1312 2654 1316 2622 1312 2582 514 2582 516 2626"/></Shape>
	    <String CONTENT="bien estre acreu ne bien estre n᷑ri: nest"
                    HPOS="514"
                    VPOS="2582"
                    WIDTH="802"
                    HEIGHT="72"></String>
          </TextLine>
          <TextLine ID="eSc_line_f2862e6a"
                    TAGREFS="LT41"
                    BASELINE="518 2692 1292 2696" 
                    HPOS="516"
                    VPOS="2644"
                    WIDTH="776"
                    HEIGHT="82">
            <Shape><Polygon POINTS="518 2692 516 2726 1290 2724 1292 2696 1288 2644 518 2650 518 2692"/></Shape>
	    <String CONTENT="pas en la poeste del home. Car si li hõe"
                    HPOS="516"
                    VPOS="2644"
                    WIDTH="776"
                    HEIGHT="82"
                    WC="0.9825863300300226"></String>
          </TextLine>
          <TextLine ID="eSc_line_ba09414d"
                    TAGREFS="LT41"
                    BASELINE="514 2766 1286 2770" 
                    HPOS="512"
                    VPOS="2724"
                    WIDTH="774"
                    HEIGHT="78">
            <Shape><Polygon POINTS="514 2766 512 2792 518 2798 518 2800 520 2800 522 2800 524 2800 572 2790 596 2800 598 2800 600 2802 788 2802 788 2800 790 2800 792 2800 804 2790 808 2790 930 2790 934 2792 948 2802 950 2802 952 2802 954 2802 1034 2794 1058 2792 1282 2796 1286 2770 1284 2728 514 2724 514 2766"/></Shape>
	    <String CONTENT="ad mangie ⁊ ne neust pas estre norri"
                    HPOS="512"
                    VPOS="2724"
                    WIDTH="774"
                    HEIGHT="78"
                    WC="0.979885631137424"></String>
          </TextLine>
          <TextLine ID="eSc_line_5d6a921f"
                    TAGREFS="LT41"
                    BASELINE="516 2838 1306 2842" 
                    HPOS="514"
                    VPOS="2784"
                    WIDTH="792"
                    HEIGHT="94">
            <Shape><Polygon POINTS="514 2862 562 2874 564 2874 798 2868 896 2866 908 2870 926 2876 928 2876 930 2878 1304 2878 1306 2842 1306 2794 1264 2786 1262 2786 1230 2792 1198 2800 1176 2792 1158 2786 1156 2786 1154 2786 1152 2786 1150 2786 1142 2792 1130 2800 1074 2792 1036 2786 1034 2786 1006 2792 962 2800 950 2790 944 2786 942 2786 940 2786 938 2786 936 2786 918 2790 890 2798 882 2790 876 2786 876 2784 874 2784 872 2784 820 2784 818 2784 816 2784 804 2790 788 2798 774 2790 766 2784 764 2784 762 2784 760 2784 758 2784 746 2790 724 2800 542 2800 518 2788 516 2838 514 2862"/></Shape>
	    <String CONTENT="ne acreu. si le n᷑riroient ⁊ acrestroient"
                    HPOS="514"
                    VPOS="2784"
                    WIDTH="792"
                    HEIGHT="94"></String>
          </TextLine>
          <TextLine ID="eSc_line_8ec6675d"
                    TAGREFS="LT41"
                    BASELINE="516 2902 1284 2902" 
                    HPOS="516"
                    VPOS="2856"
                    WIDTH="768"
                    HEIGHT="96">
            <Shape><Polygon POINTS="516 2902 516 2940 766 2952 768 2952 828 2944 888 2934 900 2944 904 2946 904 2948 906 2948 908 2948 1018 2952 1020 2952 1022 2952 1024 2952 1024 2950 1030 2944 1044 2934 1192 2934 1282 2946 1284 2902 1282 2856 516 2860 516 2902"/></Shape>
	    <String CONTENT="les u̾tuz qen lui sunt. Dont en ces pꝰ-"
                    HPOS="516"
                    VPOS="2856"
                    WIDTH="768"
                    HEIGHT="96"></String>
          </TextLine>
        </TextBlock>
        <TextBlock HPOS="1406"
                   VPOS="312"
                   WIDTH="860"
                   HEIGHT="2646"
                   ID="eSc_textblock_9ba395b3"
                   TAGREFS="BT46">
          <Shape><Polygon POINTS="1456 312 2170 312 2250 336 2258 1326 2234 1430 2258 1592 2266 2870 2202 2958 1438 2958 1430 2934 1406 360 1456 312"/></Shape>
          <TextLine ID="eSc_line_b373da7d"
                    TAGREFS="LT41"
                    BASELINE="1414 374 2210 354" 
                    HPOS="1414"
                    VPOS="314"
                    WIDTH="796"
                    HEIGHT="94">
            <Shape><Polygon POINTS="2192 320 2172 314 2152 314 2132 314 2112 314 2092 314 2072 314 2068 314 2066 316 2038 316 1984 314 1972 314 1952 314 1932 314 1918 314 1898 320 1886 322 1858 320 1758 314 1756 314 1666 326 1648 328 1636 328 1572 318 1570 318 1436 332 1432 336 1416 348 1414 374 1414 408 1522 398 1556 406 1570 408 1572 408 1574 408 1580 406 1598 396 1634 404 1648 406 1650 406 1670 404 1732 392 1852 400 1880 400 1882 400 1884 400 1888 398 1912 388 1956 396 1968 398 1970 398 1972 398 1976 396 1996 386 2032 394 2038 396 2040 396 2042 396 2044 396 2048 394 2072 384 2208 390 2210 354 2206 322 2192 320"/></Shape>
	    <String CONTENT="saunces len ne doit pas mettre les u̾tuz des"
                    HPOS="1414"
                    VPOS="314"
                    WIDTH="796"
                    HEIGHT="94"></String>
          </TextLine>
          <TextLine ID="eSc_line_64ef820d"
                    TAGREFS="LT41"
                    BASELINE="1412 446 2204 432" 
                    HPOS="1410"
                    VPOS="378"
                    WIDTH="794"
                    HEIGHT="102">
            <Shape><Polygon POINTS="1412 446 1412 480 1462 470 1516 478 1518 478 1520 478 1522 478 1524 478 1524 476 1526 476 1532 468 1608 476 1610 476 1748 474 1750 474 1752 474 1766 464 1836 472 1840 472 1842 472 1844 472 1864 462 2202 464 2204 432 2198 378 2082 392 1994 384 1960 382 1958 382 1956 382 1954 382 1948 386 1936 394 1912 388 1894 382 1892 382 1890 382 1888 382 1874 388 1858 398 1802 398 1782 392 1752 384 1750 384 1748 384 1746 384 1710 394 1694 400 1410 404 1412 446"/></Shape>
	    <String CONTENT="bones oeures. La tierce reson qe les pꝰ-"
                    HPOS="1410"
                    VPOS="378"
                    WIDTH="794"
                    HEIGHT="102"></String>
          </TextLine>
          <TextLine ID="eSc_line_82baf636"
                    TAGREFS="LT41"
                    BASELINE="1412 518 2200 504" 
                    HPOS="1410"
                    VPOS="454"
                    WIDTH="790"
                    HEIGHT="96">
            <Shape><Polygon POINTS="1412 518 1412 550 1622 548 1624 548 1626 548 1630 544 1640 538 1738 540 1840 544 1842 544 1844 544 1860 538 1868 534 1898 536 1972 542 1974 542 2074 530 2086 530 2092 530 2146 538 2148 538 2200 526 2200 504 2194 454 1410 472 1412 518"/></Shape>
	    <String CONTENT="saunces natureles ⁊ les .u. sens del hõe"
                    HPOS="1410"
                    VPOS="454"
                    WIDTH="790"
                    HEIGHT="96"
                    WC="0.9735032320022583"></String>
          </TextLine>
          <TextLine ID="eSc_line_b45c81c1"
                    TAGREFS="LT41"
                    BASELINE="1412 590 2214 576" 
                    HPOS="1410"
                    VPOS="526"
                    WIDTH="804"
                    HEIGHT="94">
            <Shape><Polygon POINTS="1412 590 1412 620 2214 598 2214 576 2210 538 1984 526 1982 526 1980 526 1978 526 1954 542 1800 542 1756 530 1754 530 1752 530 1638 546 1586 534 1584 534 1582 534 1580 534 1578 534 1566 546 1410 550 1412 590"/></Shape>
	    <String CONTENT="sunt encline suffisaument par lur nat᷑e"
                    HPOS="1410"
                    VPOS="526"
                    WIDTH="804"
                    HEIGHT="94"></String>
          </TextLine>
          <TextLine ID="eSc_line_6b26b7e8"
                    TAGREFS="LT41"
                    BASELINE="1412 658 2220 636" 
                    HPOS="1410"
                    VPOS="586"
                    WIDTH="810"
                    HEIGHT="110">
            <Shape><Polygon POINTS="1412 658 1412 688 1562 682 1584 686 1630 696 1632 696 1688 684 1698 682 1708 682 1776 692 1778 692 1954 684 1956 684 1988 674 2006 668 2094 668 2106 672 2128 680 2130 680 2132 680 2134 680 2136 680 2148 670 2154 666 2164 670 2190 680 2192 680 2194 680 2196 680 2220 668 2220 636 2214 586 2146 600 2124 590 2120 588 2118 588 2116 588 2114 588 2106 590 2074 600 2050 592 2034 588 2032 588 2030 588 2028 588 2010 594 1984 604 1958 596 1936 590 1934 590 1932 590 1930 590 1928 590 1928 592 1926 592 1922 598 1916 604 1880 600 1842 596 1840 596 1806 604 1776 610 1716 608 1570 600 1568 600 1566 600 1564 600 1540 616 1538 616 1536 616 1490 602 1488 602 1486 602 1410 620 1412 658"/></Shape>
	    <String CONTENT="afere lur oeures ne par eles nꝰ ne sumeᷤ"
                    HPOS="1410"
                    VPOS="586"
                    WIDTH="810"
                    HEIGHT="110"></String>
          </TextLine>
          <TextLine ID="eSc_line_bf02963e"
                    TAGREFS="LT41"
                    BASELINE="1416 736 2210 720" 
                    HPOS="1414"
                    VPOS="670"
                    WIDTH="796"
                    HEIGHT="92">
            <Shape><Polygon POINTS="1416 736 1416 762 2210 746 2210 720 2206 674 1910 670 1908 670 1802 684 1784 686 1782 684 1766 674 1764 674 1762 674 1760 674 1758 674 1716 686 1708 688 1682 688 1552 682 1550 682 1548 682 1510 692 1496 682 1494 682 1492 682 1490 682 1414 694 1416 736"/></Shape>
	    <String CONTENT="ne bones ne malueis. Mes les u̾tuz des"
                    HPOS="1414"
                    VPOS="670"
                    WIDTH="796"
                    HEIGHT="92"></String>
          </TextLine>
          <TextLine ID="eSc_line_6216d462"
                    TAGREFS="LT41"
                    BASELINE="1416 806 2222 788" 
                    HPOS="1414"
                    VPOS="736"
                    WIDTH="808"
                    HEIGHT="104">
            <Shape><Polygon POINTS="1416 806 1416 840 2220 818 2222 788 2212 736 2196 750 2110 750 2092 742 2084 738 2082 738 2080 738 2078 738 2070 742 2060 748 2052 742 2046 738 2044 738 2042 738 2040 738 1958 746 1884 754 1876 750 1866 742 1864 742 1862 742 1860 742 1858 742 1840 750 1828 756 1814 752 1790 744 1788 744 1786 744 1784 744 1766 754 1756 758 1746 754 1728 748 1726 748 1724 748 1722 748 1694 756 1680 760 1670 758 1644 750 1642 750 1640 750 1414 766 1416 806"/></Shape>
	    <String CONTENT="bones oeures enclinent les pꝰsaunces del"
                    HPOS="1414"
                    VPOS="736"
                    WIDTH="808"
                    HEIGHT="104"></String>
          </TextLine>
          <TextLine ID="eSc_line_cfef0df8"
                    TAGREFS="LT41"
                    BASELINE="1414 874 2214 854" 
                    HPOS="1412"
                    VPOS="806"
                    WIDTH="802"
                    HEIGHT="92">
            <Shape><Polygon POINTS="1414 874 1414 898 2132 890 2214 876 2214 854 2206 806 2184 816 2168 808 2164 806 2162 806 2160 806 2136 808 2048 820 1966 816 1900 812 1898 812 1790 822 1730 828 1708 826 1652 818 1650 818 1494 834 1490 834 1488 834 1438 824 1436 824 1434 824 1412 834 1414 874"/></Shape>
	    <String CONTENT="alme ou eles sunt a bien fere. ⁊ les uiceᷤᷤ"
                    HPOS="1412"
                    VPOS="806"
                    WIDTH="802"
                    HEIGHT="92"></String>
          </TextLine>
          <TextLine ID="eSc_line_d9a0841e"
                    TAGREFS="LT41"
                    BASELINE="1416 938 2188 930" 
                    HPOS="1414"
                    VPOS="880"
                    WIDTH="774"
                    HEIGHT="86">
            <Shape><Polygon POINTS="1416 938 1416 964 2184 966 2188 930 2182 880 1792 892 1746 890 1650 882 1648 882 1646 882 1628 892 1608 882 1606 882 1604 882 1414 896 1416 938"/></Shape>
	    <String CONTENT="les enclinent a malfere. Dont les u̾tuz"
                    HPOS="1414"
                    VPOS="880"
                    WIDTH="774"
                    HEIGHT="86"></String>
          </TextLine>
          <TextLine ID="eSc_line_ca8fddfc"
                    TAGREFS="LT41"
                    BASELINE="1414 1014 2218 994" 
                    HPOS="1412"
                    VPOS="948"
                    WIDTH="806"
                    HEIGHT="92">
            <Shape><Polygon POINTS="1414 1014 1414 1040 2218 1018 2218 994 2212 948 1412 970 1414 1014"/></Shape>
	    <String CONTENT="des bones oeures ne deuient pas estre es"
                    HPOS="1412"
                    VPOS="948"
                    WIDTH="806"
                    HEIGHT="92"
                    WC="0.9795355930924415"></String>
          </TextLine>
          <TextLine ID="eSc_line_f2f9e3db"
                    TAGREFS="LT41"
                    BASELINE="1418 1086 2226 1074" 
                    HPOS="1416"
                    VPOS="1020"
                    WIDTH="810"
                    HEIGHT="102">
            <Shape><Polygon POINTS="1418 1086 1418 1122 1608 1110 1652 1116 1684 1120 1686 1120 1688 1120 1702 1114 1718 1108 1764 1112 1818 1118 1820 1118 1822 1118 1850 1110 1868 1106 1892 1108 1946 1116 1948 1116 1950 1116 1952 1116 1952 1114 1954 1114 1960 1106 1962 1104 1990 1106 2088 1114 2090 1114 2092 1114 2094 1114 2108 1102 2110 1102 2114 1102 2166 1110 2168 1110 2226 1098 2226 1074 2224 1030 2206 1020 2204 1020 2202 1020 2200 1020 2198 1020 2196 1020 2182 1030 2106 1020 2104 1020 1954 1034 1858 1024 1856 1024 1714 1036 1688 1026 1686 1026 1684 1026 1682 1026 1650 1040 1514 1040 1488 1030 1486 1030 1484 1030 1416 1042 1418 1086"/></Shape>
	    <String CONTENT="puissaunces del home naturel si unt en-"
                    HPOS="1416"
                    VPOS="1020"
                    WIDTH="810"
                    HEIGHT="102"></String>
          </TextLine>
          <TextLine ID="eSc_line_d3af8b27"
                    TAGREFS="LT41"
                    BASELINE="1418 1160 2208 1142" 
                    HPOS="1416"
                    VPOS="1092"
                    WIDTH="792"
                    HEIGHT="98">
            <Shape><Polygon POINTS="1418 1160 1418 1190 2162 1180 2164 1180 2208 1168 2208 1142 2204 1102 2160 1092 2158 1092 2156 1092 2122 1102 2114 1106 1938 1108 1928 1106 1896 1098 1894 1098 1892 1098 1802 1108 1764 1112 1710 1110 1592 1104 1590 1104 1588 1104 1566 1112 1554 1116 1540 1112 1514 1106 1512 1106 1510 1106 1416 1114 1418 1160"/></Shape>
	    <String CONTENT="clinee susfisaument a fere lur oeures."
                    HPOS="1416"
                    VPOS="1092"
                    WIDTH="792"
                    HEIGHT="98"
                    WC="0.990510515476528"></String>
          </TextLine>
          <TextLine ID="eSc_line_41b41f59"
                    TAGREFS="LT41"
                    BASELINE="1422 1228 2210 1212" 
                    HPOS="1420"
                    VPOS="1164"
                    WIDTH="790"
                    HEIGHT="96">
            <Shape><Polygon POINTS="1422 1228 1422 1260 1910 1260 1910 1258 1912 1258 1914 1258 1914 1256 1926 1244 1928 1242 2018 1242 2024 1242 2104 1254 2106 1254 2210 1236 2210 1212 2202 1164 2158 1174 2014 1170 1928 1168 1926 1168 1924 1168 1922 1168 1916 1174 1906 1180 1802 1178 1672 1174 1670 1174 1420 1190 1422 1228"/></Shape>
	    <String CONTENT="Ceo seconde chapitre de la seconte ꝑtie du"
                    HPOS="1420"
                    VPOS="1164"
                    WIDTH="790"
                    HEIGHT="96"></String>
          </TextLine>
          <TextLine ID="eSc_line_30be9f94"
                    TAGREFS="LT41"
                    BASELINE="1422 1302 2210 1282" 
                    HPOS="1420"
                    VPOS="1236"
                    WIDTH="790"
                    HEIGHT="98">
            <Shape><Polygon POINTS="1422 1302 1422 1334 1728 1334 1728 1332 1870 1320 1892 1318 1898 1318 1934 1326 1936 1326 1938 1326 1970 1316 1974 1316 1986 1316 2114 1322 2116 1322 2210 1308 2210 1282 2204 1236 1420 1262 1422 1302"/></Shape>
	    <String CONTENT="premier liure enseigne comẽt les uertuz"
                    HPOS="1420"
                    VPOS="1236"
                    WIDTH="790"
                    HEIGHT="98"></String>
          </TextLine>
          <TextLine ID="eSc_line_4558bb3a"
                    TAGREFS="LT41"
                    BASELINE="1426 1370 2196 1352" 
                    HPOS="1424"
                    VPOS="1314"
                    WIDTH="772"
                    HEIGHT="86">
            <Shape><Polygon POINTS="1426 1370 1426 1400 2196 1390 2196 1352 2190 1314 1424 1324 1426 1370"/></Shape>
	    <String CONTENT="de bones euures sont deuises ⁊ coment"
                    HPOS="1424"
                    VPOS="1314"
                    WIDTH="772"
                    HEIGHT="86"></String>
          </TextLine>
          <TextLine ID="eSc_line_41995528"
                    TAGREFS="LT41"
                    BASELINE="1428 1438 2196 1426" 
                    HPOS="1426"
                    VPOS="1378"
                    WIDTH="770"
                    HEIGHT="90">
            <Shape><Polygon POINTS="1428 1438 1428 1458 1808 1468 1810 1468 1936 1456 2048 1464 2050 1464 2052 1464 2054 1464 2070 1452 2154 1462 2156 1462 2158 1462 2196 1446 2196 1426 2190 1378 2064 1388 2000 1382 1964 1380 1962 1380 1960 1380 1950 1384 1934 1390 1760 1390 1466 1388 1464 1388 1462 1388 1426 1398 1428 1438"/></Shape>
	    <String CONTENT="eles sot̃ en desir ⁊ entẽdendemẽt de lomme."
                    HPOS="1426"
                    VPOS="1378"
                    WIDTH="770"
                    HEIGHT="90"></String>
          </TextLine>
          <TextLine ID="eSc_line_c077e111"
                    TAGREFS="LT41"
                    BASELINE="1554 1514 2208 1500" 
                    HPOS="1552"
                    VPOS="1448"
                    WIDTH="656"
                    HEIGHT="100">
            <Shape><Polygon POINTS="1554 1514 1554 1548 2208 1524 2208 1500 2204 1464 2128 1448 2126 1448 2040 1450 2038 1450 2008 1464 2006 1466 2000 1466 1958 1456 1956 1456 1954 1456 1920 1466 1910 1468 1896 1466 1862 1460 1860 1460 1788 1466 1736 1472 1728 1468 1718 1458 1716 1458 1714 1458 1712 1458 1710 1458 1708 1458 1698 1468 1694 1470 1686 1468 1654 1460 1652 1460 1650 1460 1552 1468 1554 1514"/></Shape>
	    <String CONTENT="uis qe nous auoms mꝰtree qe"
                    HPOS="1552"
                    VPOS="1448"
                    WIDTH="656"
                    HEIGHT="100"></String>
          </TextLine>
          <TextLine ID="eSc_line_ef909dc5"
                    TAGREFS="LT41"
                    BASELINE="1540 1574 2216 1570" 
                    HPOS="1538"
                    VPOS="1520"
                    WIDTH="678"
                    HEIGHT="84">
            <Shape><Polygon POINTS="1540 1574 1540 1598 2212 1604 2216 1570 2210 1520 2104 1532 1932 1526 1788 1522 1786 1522 1784 1522 1746 1532 1732 1534 1714 1532 1636 1522 1634 1522 1538 1536 1540 1574"/></Shape>
	    <String CONTENT="les u̾tuz des bones oeures ne sũt"
                    HPOS="1538"
                    VPOS="1520"
                    WIDTH="678"
                    HEIGHT="84"></String>
          </TextLine>
          <TextLine ID="eSc_line_7cd08f96"
                    TAGREFS="LT41"
                    BASELINE="1422 1652 2210 1640" 
                    HPOS="1420"
                    VPOS="1598"
                    WIDTH="790"
                    HEIGHT="88">
            <Shape><Polygon POINTS="1422 1652 1422 1686 1692 1672 1724 1678 1750 1682 1752 1684 1804 1684 1804 1682 1806 1682 1808 1682 1816 1674 1820 1670 1828 1674 1842 1680 1844 1680 1846 1680 1878 1672 1894 1670 1926 1672 2026 1678 2028 1678 2030 1678 2072 1666 2078 1666 2090 1666 2170 1674 2172 1674 2174 1674 2210 1662 2210 1640 2204 1598 1420 1604 1422 1652"/></Shape>
	    <String CONTENT="pas pꝰsaunce del alme naturels ne es"
                    HPOS="1420"
                    VPOS="1598"
                    WIDTH="790"
                    HEIGHT="88"></String>
          </TextLine>
          <TextLine ID="eSc_line_6e29dcbb"
                    TAGREFS="LT41"
                    BASELINE="1410 1720 2218 1712" 
                    HPOS="1408"
                    VPOS="1666"
                    WIDTH="810"
                    HEIGHT="88">
            <Shape><Polygon POINTS="1410 1720 1410 1754 1662 1744 1756 1752 1758 1752 1812 1740 1838 1750 1840 1750 1842 1750 1844 1750 1846 1750 1862 1740 1950 1750 1952 1750 2060 1738 2214 1748 2218 1712 2212 1670 1956 1676 1952 1674 1944 1666 1942 1666 1940 1666 1846 1666 1844 1666 1842 1666 1840 1666 1830 1676 1828 1678 1822 1676 1806 1670 1804 1670 1802 1670 1736 1678 1708 1680 1700 1678 1676 1668 1674 1668 1672 1668 1614 1680 1598 1682 1594 1680 1578 1670 1576 1670 1574 1670 1572 1670 1570 1670 1536 1680 1532 1682 1528 1680 1504 1670 1502 1670 1500 1670 1498 1670 1496 1670 1496 1672 1486 1682 1484 1684 1408 1684 1410 1720"/></Shape>
	    <String CONTENT=".u. sens cel home. Noꝰ dirroms qe deuz"
                    HPOS="1408"
                    VPOS="1666"
                    WIDTH="810"
                    HEIGHT="88"></String>
          </TextLine>
          <TextLine ID="eSc_line_6811d47b"
                    TAGREFS="LT41"
                    BASELINE="1424 1788 2218 1776" 
                    HPOS="1422"
                    VPOS="1730"
                    WIDTH="796"
                    HEIGHT="84">
            <Shape><Polygon POINTS="1424 1788 1424 1810 1950 1814 1952 1814 2218 1798 2218 1776 2214 1736 1956 1730 1954 1730 1952 1730 1928 1740 1924 1742 1890 1742 1734 1736 1732 1736 1616 1746 1568 1736 1566 1736 1422 1750 1424 1788"/></Shape>
	    <String CONTENT="maneres sunt des u̾tus. les unes qe"
                    HPOS="1422"
                    VPOS="1730"
                    WIDTH="796"
                    HEIGHT="84"
                    WC="0.9719471727098737"></String>
          </TextLine>
          <TextLine ID="eSc_line_83353f2b"
                    TAGREFS="LT41"
                    BASELINE="1426 1854 2216 1846" 
                    HPOS="1424"
                    VPOS="1804"
                    WIDTH="792"
                    HEIGHT="82">
            <Shape><Polygon POINTS="1426 1854 1426 1886 2168 1886 2168 1884 2170 1884 2216 1870 2216 1846 2212 1812 1804 1804 1802 1804 1800 1804 1798 1804 1786 1814 1746 1804 1744 1804 1742 1804 1664 1814 1622 1804 1620 1804 1618 1804 1436 1806 1434 1806 1432 1806 1432 1808 1424 1814 1426 1854"/></Shape>
	    <String CONTENT="tendent pͥncipalment a conisaunce de"
                    HPOS="1424"
                    VPOS="1804"
                    WIDTH="792"
                    HEIGHT="82"></String>
          </TextLine>
          <TextLine ID="eSc_line_c7c5c8c7"
                    TAGREFS="LT41"
                    BASELINE="1426 1928 2206 1920" 
                    HPOS="1424"
                    VPOS="1868"
                    WIDTH="782"
                    HEIGHT="96">
            <Shape><Polygon POINTS="1426 1928 1426 1954 1616 1964 1618 1964 1620 1964 1640 1956 1652 1952 1718 1956 1802 1962 1804 1962 1938 1958 2174 1948 2200 1958 2206 1920 2202 1880 2154 1868 2152 1868 2044 1878 2040 1878 2038 1878 2010 1868 2008 1868 2006 1868 2004 1868 1978 1878 1970 1880 1932 1878 1826 1870 1824 1870 1822 1870 1820 1870 1810 1878 1802 1882 1786 1876 1770 1872 1768 1872 1766 1872 1742 1876 1716 1882 1424 1876 1426 1928"/></Shape>
	    <String CONTENT="uerite si come la science des natures"
                    HPOS="1424"
                    VPOS="1868"
                    WIDTH="782"
                    HEIGHT="96"
                    WC="0.9826997325227067"></String>
          </TextLine>
          <TextLine ID="eSc_line_0aba2167"
                    TAGREFS="LT41"
                    BASELINE="1426 2000 2230 1988" 
                    HPOS="1424"
                    VPOS="1938"
                    WIDTH="806"
                    HEIGHT="96">
            <Shape><Polygon POINTS="1426 2000 1426 2024 1620 2024 1622 2024 1656 2034 1658 2034 1660 2034 1662 2034 1704 2022 1712 2022 1720 2022 1780 2032 1782 2032 1784 2032 1818 2022 1826 2020 1830 2022 1840 2030 1842 2030 1844 2030 1846 2030 2230 2018 2230 1988 2226 1950 2130 1938 2128 1938 2126 1938 2094 1950 2080 1940 2078 1940 2076 1940 1970 1940 1968 1940 1966 1940 1964 1940 1950 1952 1936 1952 1568 1946 1566 1946 1424 1958 1426 2000"/></Shape>
	    <String CONTENT="destronomie ⁊ les autres siences. Les"
                    HPOS="1424"
                    VPOS="1938"
                    WIDTH="806"
                    HEIGHT="96"></String>
          </TextLine>
          <TextLine ID="eSc_line_cbabf5dc"
                    TAGREFS="LT41"
                    BASELINE="1424 2070 2220 2060" 
                    HPOS="1422"
                    VPOS="2008"
                    WIDTH="798"
                    HEIGHT="92">
            <Shape><Polygon POINTS="1422 2052 1424 2070 1424 2100 2218 2086 2220 2060 2218 2022 2190 2008 2188 2008 2186 2008 2184 2008 2144 2020 1980 2010 1978 2010 1878 2024 1744 2016 1742 2016 1740 2016 1738 2016 1738 2018 1728 2026 1592 2014 1590 2014 1516 2028 1514 2028 1460 2016 1458 2016 1456 2016 1432 2024 1422 2052"/></Shape>
	    <String CONTENT="altres u̾tuz sunt ꝑ quei noꝰ fesoms le-"
                    HPOS="1422"
                    VPOS="2008"
                    WIDTH="798"
                    HEIGHT="92"></String>
          </TextLine>
          <TextLine ID="eSc_line_9b3730b4"
                    TAGREFS="LT41"
                    BASELINE="1432 2140 2218 2128" 
                    HPOS="1430"
                    VPOS="2088"
                    WIDTH="788"
                    HEIGHT="88">
            <Shape><Polygon POINTS="1432 2140 1432 2164 1496 2176 1498 2176 1500 2176 1502 2176 1520 2166 1756 2172 1758 2172 1760 2172 1762 2172 1776 2162 1950 2170 1952 2170 1954 2170 1994 2158 2080 2168 2082 2168 2218 2152 2218 2128 2212 2088 1430 2092 1432 2140"/></Shape>
	    <String CONTENT="nes oeures ⁊ les aquerroms ꝑ acostu-"
                    HPOS="1430"
                    VPOS="2088"
                    WIDTH="788"
                    HEIGHT="88"></String>
          </TextLine>
          <TextLine ID="eSc_line_86417372"
                    TAGREFS="LT41"
                    BASELINE="1432 2212 2224 2202" 
                    HPOS="1430"
                    VPOS="2154"
                    WIDTH="794"
                    HEIGHT="90">
            <Shape><Polygon POINTS="1432 2212 1432 2244 1756 2232 1866 2236 2026 2240 2028 2240 2092 2230 2108 2228 2116 2230 2146 2238 2148 2238 2150 2238 2222 2226 2224 2202 2218 2156 1986 2166 1974 2162 1956 2154 1954 2154 1952 2154 1912 2162 1888 2168 1862 2164 1814 2156 1812 2156 1760 2166 1740 2170 1708 2168 1588 2158 1586 2158 1430 2174 1432 2212"/></Shape>
	    <String CONTENT="maunce de bien fere. ⁊ sunt el desir del"
                    HPOS="1430"
                    VPOS="2154"
                    WIDTH="794"
                    HEIGHT="90"></String>
          </TextLine>
          <TextLine ID="eSc_line_cf08aa74"
                    TAGREFS="LT41"
                    BASELINE="1432 2286 2232 2276" 
                    HPOS="1430"
                    VPOS="2230"
                    WIDTH="802"
                    HEIGHT="84">
            <Shape><Polygon POINTS="1432 2286 1432 2310 2068 2314 2070 2314 2072 2314 2076 2312 2104 2302 2114 2310 2114 2312 2116 2312 2118 2312 2120 2314 2230 2314 2232 2276 2228 2230 1750 2230 1748 2230 1746 2230 1722 2240 1718 2240 1700 2240 1590 2232 1588 2232 1430 2244 1432 2286"/></Shape>
	    <String CONTENT="home si ꝯme iustice. atremꝑaunce. for-"
                    HPOS="1430"
                    VPOS="2230"
                    WIDTH="802"
                    HEIGHT="84"></String>
          </TextLine>
          <TextLine ID="eSc_line_f0d57ef4"
                    TAGREFS="LT41"
                    BASELINE="1434 2352 2228 2338" 
                    HPOS="1432"
                    VPOS="2296"
                    WIDTH="796"
                    HEIGHT="82">
            <Shape><Polygon POINTS="1434 2352 1434 2374 1884 2378 1886 2378 2228 2360 2228 2338 2222 2298 1960 2306 1950 2304 1920 2296 1918 2296 1916 2296 1914 2296 1876 2306 1866 2308 1834 2308 1702 2300 1700 2300 1698 2300 1658 2312 1654 2312 1648 2312 1570 2302 1568 2302 1508 2314 1474 2304 1472 2304 1470 2304 1468 2304 1432 2316 1434 2352"/></Shape>
	    <String CONTENT="ce.⁊ debon̾ete ⁊ des autres des queles"
                    HPOS="1432"
                    VPOS="2296"
                    WIDTH="796"
                    HEIGHT="82"></String>
          </TextLine>
          <TextLine ID="eSc_line_1be0e99f"
                    TAGREFS="LT41"
                    BASELINE="1436 2420 2230 2404" 
                    HPOS="1434"
                    VPOS="2358"
                    WIDTH="796"
                    HEIGHT="94">
            <Shape><Polygon POINTS="1436 2420 1436 2452 2190 2442 2192 2442 2230 2430 2230 2404 2226 2368 2154 2358 2152 2358 1826 2376 1812 2376 1808 2376 1734 2366 1732 2366 1730 2366 1704 2378 1704 2380 1614 2380 1550 2370 1548 2370 1434 2384 1436 2420"/></Shape>
	    <String CONTENT="noꝰ dirrom ci apres. ⁊ lerrons les uer-"
                    HPOS="1434"
                    VPOS="2358"
                    WIDTH="796"
                    HEIGHT="94"></String>
          </TextLine>
          <TextLine ID="eSc_line_6cdd8a69"
                    TAGREFS="LT41"
                    BASELINE="1436 2486 2234 2474" 
                    HPOS="1434"
                    VPOS="2428"
                    WIDTH="800"
                    HEIGHT="90">
            <Shape><Polygon POINTS="1436 2486 1436 2506 1542 2518 1544 2518 1546 2518 1570 2506 1656 2516 1658 2516 1738 2504 1932 2512 1934 2512 2020 2500 2086 2510 2088 2510 2090 2510 2116 2496 2234 2494 2234 2474 2228 2428 1434 2448 1436 2486"/></Shape>
	    <String CONTENT="tuz pͥncipalment qe tendent a conisã-"
                    HPOS="1434"
                    VPOS="2428"
                    WIDTH="800"
                    HEIGHT="90"></String>
          </TextLine>
          <TextLine ID="eSc_line_3beed6a6"
                    TAGREFS="LT41"
                    BASELINE="1434 2556 2234 2546" 
                    HPOS="1432"
                    VPOS="2498"
                    WIDTH="802"
                    HEIGHT="94">
            <Shape><Polygon POINTS="1434 2556 1434 2590 1484 2582 1574 2592 1590 2592 1592 2592 1594 2592 1596 2592 1596 2590 1612 2580 1696 2590 1708 2590 1710 2590 1748 2588 1998 2576 2014 2586 2016 2586 2018 2586 2020 2586 2036 2586 2160 2574 2232 2582 2234 2546 2232 2510 2196 2498 2194 2498 2192 2498 2008 2512 1998 2512 1994 2512 1930 2500 1928 2500 1834 2514 1830 2514 1828 2514 1784 2502 1782 2502 1780 2502 1778 2502 1748 2516 1746 2516 1730 2504 1728 2504 1726 2504 1724 2504 1672 2516 1668 2516 1666 2516 1590 2504 1588 2504 1432 2518 1434 2556"/></Shape>
	    <String CONTENT="ce de u̾ite ⁊ dirroms ces u̾tuz ꝑ quels"
                    HPOS="1432"
                    VPOS="2498"
                    WIDTH="802"
                    HEIGHT="94"></String>
          </TextLine>
          <TextLine ID="eSc_line_17ca3a61"
                    TAGREFS="LT41"
                    BASELINE="1440 2626 2232 2620" 
                    HPOS="1438"
                    VPOS="2572"
                    WIDTH="794"
                    HEIGHT="78">
            <Shape><Polygon POINTS="1440 2626 1440 2650 2230 2650 2232 2620 2228 2580 2066 2572 2064 2572 2062 2572 2060 2572 2048 2582 2044 2586 1836 2586 1834 2586 1826 2578 1826 2576 1824 2576 1822 2576 1690 2576 1688 2576 1590 2588 1572 2576 1570 2576 1568 2576 1462 2576 1460 2576 1458 2576 1456 2576 1438 2586 1440 2626"/></Shape>
	    <String CONTENT="noꝰ fesoms bones oeures quels nous"
                    HPOS="1438"
                    VPOS="2572"
                    WIDTH="794"
                    HEIGHT="78"></String>
          </TextLine>
          <TextLine ID="eSc_line_5f39e4c9"
                    TAGREFS="LT41"
                    BASELINE="1440 2700 2232 2690" 
                    HPOS="1438"
                    VPOS="2642"
                    WIDTH="794"
                    HEIGHT="92">
            <Shape><Polygon POINTS="1440 2700 1440 2724 1754 2734 1756 2734 1758 2734 1788 2724 2040 2730 2042 2730 2232 2714 2232 2690 2228 2654 2072 2642 2070 2642 2008 2654 2000 2654 1992 2654 1912 2644 1910 2644 1908 2644 1886 2654 1880 2656 1860 2654 1796 2646 1794 2646 1792 2646 1764 2654 1748 2658 1692 2654 1604 2648 1602 2648 1600 2648 1578 2654 1564 2658 1438 2656 1440 2700"/></Shape>
	    <String CONTENT="tendoms pͥncipalment ꝑ ceste science"
                    HPOS="1438"
                    VPOS="2642"
                    WIDTH="794"
                    HEIGHT="92"></String>
          </TextLine>
          <TextLine ID="eSc_line_661e9562"
                    TAGREFS="LT41"
                    BASELINE="1434 2768 2228 2762" 
                    HPOS="1432"
                    VPOS="2712"
                    WIDTH="796"
                    HEIGHT="88">
            <Shape><Polygon POINTS="1434 2768 1434 2800 2226 2790 2228 2762 2226 2720 2212 2712 2210 2712 2208 2712 2206 2712 2204 2712 2202 2712 2186 2722 2182 2726 2042 2726 2040 2724 1992 2714 1990 2714 1988 2714 1962 2726 1958 2728 1826 2728 1826 2726 1814 2716 1814 2714 1812 2714 1810 2714 1770 2714 1768 2714 1662 2728 1616 2716 1614 2716 1484 2716 1482 2716 1480 2716 1432 2730 1434 2768"/></Shape>
	    <String CONTENT="qe noꝰ soioms bons ⁊ dirroms qe por"
                    HPOS="1432"
                    VPOS="2712"
                    WIDTH="796"
                    HEIGHT="88"></String>
          </TextLine>
          <TextLine ID="eSc_line_aa60738f"
                    TAGREFS="LT41"
                    BASELINE="1434 2844 2234 2832" 
                    HPOS="1432"
                    VPOS="2782"
                    WIDTH="802"
                    HEIGHT="88">
            <Shape><Polygon POINTS="1434 2844 1434 2870 2234 2860 2234 2832 2226 2782 2202 2792 2166 2784 2156 2782 2154 2782 2132 2784 2070 2794 2048 2788 2032 2782 2030 2782 2028 2782 2026 2782 2010 2788 2000 2792 1998 2788 1992 2784 1992 2782 1990 2782 1988 2782 1986 2782 1984 2782 1968 2790 1954 2798 1812 2798 1780 2796 1698 2786 1696 2786 1694 2786 1644 2800 1638 2800 1622 2800 1472 2790 1470 2790 1468 2790 1432 2804 1434 2844"/></Shape>
	    <String CONTENT="ceo qe le desir del home obeist a reson"
                    HPOS="1432"
                    VPOS="2782"
                    WIDTH="802"
                    HEIGHT="88"></String>
          </TextLine>
          <TextLine ID="eSc_line_a302e2bf"
                    TAGREFS="LT41"
                    BASELINE="1442 2910 2202 2900" 
                    HPOS="1440"
                    VPOS="2850"
                    WIDTH="762"
                    HEIGHT="112">
            <Shape><Polygon POINTS="1442 2910 1442 2954 1560 2962 1562 2962 1564 2962 1592 2952 1608 2948 1648 2952 1726 2960 1728 2960 1794 2958 1796 2958 1798 2958 1798 2956 1806 2950 1810 2946 1828 2948 1876 2956 1878 2956 1880 2956 1882 2956 1894 2948 1902 2944 1940 2948 2032 2956 2034 2956 2036 2956 2038 2956 2038 2954 2050 2946 2054 2942 2066 2946 2102 2954 2104 2954 2106 2954 2108 2954 2110 2954 2126 2944 2132 2942 2200 2942 2202 2900 2198 2862 2114 2850 2112 2850 2030 2860 2012 2864 1916 2864 1912 2860 1902 2852 1900 2852 1898 2852 1896 2852 1894 2852 1892 2852 1880 2860 1872 2864 1850 2860 1816 2854 1814 2854 1812 2854 1798 2860 1788 2864 1440 2860 1442 2910"/></Shape>
	    <String CONTENT="⁊ les uertuz des bones oeures sunt"
                    HPOS="1440"
                    VPOS="2850"
                    WIDTH="762"
                    HEIGHT="112"></String>
          </TextLine>
        </TextBlock>
      </PrintSpace>
    </Page>
  </Layout>
</alto>
