2376 3600
108 312 822 92 choses solom reson eles sunt ^en^ lentẽdement

108 388 802 78 et en le desir del home. mes noꝰ deuoms

108 460 802 82 sauoir qe desir nest altre chose qencli-

110 528 806 86 naunce a bien auoir: ou a fuir mal

104 600 822 94 qe uient des senz del home conust biẽ

102 670 832 96 ⁊ mal. et p᷑ ceo qe li homs ad .ii. conois-

100 748 824 86 saunces. Lune est conissaunce del entẽ-

100 816 818 88 dement: lautre est ꝯnissaunce des .u.

132 878 812 92 sens il ad en soi .ii. desirs. qe qnͣt lentẽ-

96 960 834 90 dement ꝯnust asꝯ bien ou asꝯ mal. il

94 1028 842 90 desire a p᷑siure le bien ⁊ a fuir le mal en

94 1100 816 92 tiel desir: noꝰ lapeloms uolunte. ⁊ qnͣt

94 1176 840 84 li homs ꝑ les .u. sens qil ad conuist as-

94 1250 838 84 cun bien singuler ou ascun mal lome

92 1314 856 92 desirre ⁊ sencline a p᷑suire ⁊ fuir le mal

92 1394 838 84 ⁊ tiel desir len apele le desir des .u. sens

90 1454 832 96 cel home . ¶Et est asauoir qe le de-

88 1526 840 92 sir qe li home ad ꝑ la conissaunce de ses

88 1594 830 92 sens est deuisee en deuz desirs. Car tut

90 1668 828 88 aisi come noꝰ ueoms qe nature dona al feb-

92 1732 830 90 deuz pꝰsaunces cest a sauer chalor ⁊ leg̾etee.

90 1802 800 94 leg̾ete : p᷑ ceo qe ꝑ leg̾ete le feu poait aler

88 1874 822 86 en son ꝓpre lieu nat᷑el qest amont uers

88 1946 796 78 la lune. Et ꝑ le chalour qil ad: il peot

86 2012 816 92 ꝯtrester choses qe peust enpeschier son

86 2088 840 86 delit en son ꝓpre lieu naturel. et ensi est

86 2156 840 82 il des altres elementz. Et tut alsi deuõs

84 2220 828 92 noꝰ dire quel est eu nat᷑e des bestes plu ᷤ

88 2292 810 88 fraunche ⁊ plus noble qe nat᷑e des ele-

86 2362 832 86 mentz. et nat᷑e dona as elementz deuz

84 2426 824 94 pͣsaunce si come noꝰ auoms dit. droit ⁊

86 2500 842 86 reson fust qe nat᷑e donast as bestes .ii.

82 2568 828 96 pꝰsaunces. p᷑ ceo qe par les hoẽs ⁊ les altͤs

80 2648 834 86 bestes pꝰsent tendre a chose couenable et

78 2714 814 96 auoir lur ꝓpre delit. ⁊ cele pꝰsaunce est

78 2792 844 86 appele desir de bien delectable. E par al-

74 2854 842 108 tre pꝰsaunce len lapele desir de ꝯtrere qil

1050 324 770 96 pꝰsent ꝯͤester as choses qe son delit peus

1048 400 794 88 sen empescher. et tiele pꝰsaunce len lape-

1048 468 810 84 le desir de ꝯrrestier. a ceo qe son ppre delit

1012 542 810 80 poait empescher. Dont noꝰ pooms bien

1044 612 782 88 dire qe des uertuz. des bones oeures: sa-

1042 688 798 86 gesse si est entendement. Iustice est en la

1040 756 786 88 uolunte : force de corage est desir de con-

1040 826 808 84 trester a ceo qenpͨche le ꝓpre delit del hõe.

1038 890 748 90 Attemꝑaunce est ou desir dauoir delit.

1040 960 796 90 Ceo tierce chapitre enseigne qnͣtes uertuz

1036 1032 802 90 de bone euures sont ⁊ comẽt on doit pͣndre

1072 1112 428 80 le non les de uertu.

1162 1168 686 104 LI filozofre dit el second liure detiqe ᷤ

1070 1244 756 92 qe .xii. u̾tuz des bones oeures sunt

1036 1334 792 60 lun est sagesse qest en lentendement del

1032 1382 818 96 home. Lautre est iustice ^ou droicture^ qataunt uaut

1030 1454 796 86 qest en la uolunte. Les altres .x. u̾tuz

1032 1528 804 86 sunt el delit del home. ⁊ ceaꝰ .x. u̾tuz le

1034 1594 804 90 filozofe noume en iceste manere. Lõe

1032 1666 802 90 il appele force de corage. lautre: atrem-

1028 1734 806 90 paunce. Lautre Largesse de fere petitz

1030 1804 812 82 despeus. Lautre uite de gnͣt coer. Lal-

1032 1874 800 94 tre hon᷑ Lautre cortoisie. Laltre qnͣt

1030 1942 794 88 hom se siet bien au entͤ les gentz. ⁊ po-

1028 2010 796 94 iuns assigner deuz resons p᷑ quei le fi-

1030 2078 802 100 lozofe dit qil i sunt .⟦x⟧ii. u̾tuz. La p̾m̾e

1032 2156 782 88 reson est qe les u̾tuz des bones oeures

1032 2226 816 88 sunt es choses qe sunt en poeste dome

1024 2288 812 88 Treis choses sunt en nr̃e poair. cest a

1026 2360 824 88 sauer reson. moenement de corage et les

1026 2422 818 98 oeures ꝑ dehors: qe noꝰ fesom ꝑ les u̾tus

1020 2502 824 92 Nous deuoms au dreite resons. moene-

1022 2578 784 84 mentz de corage bien attemꝑauntz. ⁊

1018 2648 798 88 droiture les oeures. dont sagesse fet qe

1022 2712 810 98 noꝰ eioms droites resons ⁊ bones. La u̾-

1018 2794 806 82 tue de iustice ⁊ de droiture fet qe nos

1016 2854 816 116 oeures soient droitureres ⁊ ꝑ reson. Le ᷤ
