2479 3508
689 292 667 84 STENSO ꝙ nec in potẽtus na

663 347 693 88 turalibus nec in sensibus hñt esse

666 415 687 79 uirtutes. Restat oñdere quomo'

514 469 840 84 do distinguunt᷑ uirtutes: & quomodo in ap

516 532 834 85 petitu& ĩ intellectu existũt.Distinguendu

518 586 842 86 est igit de uirturibus & de hmõi potẽtiis:nã

516 654 844 76 uirtutũ quaedam sunt intellectuales: quaedã

518 719 844 68 motales: quadã mediae inter intellectuales

518 765 844 76 & motales.Uictutes ĩtellectuales dicunt᷑ illae

524 822 842 78 quae sunt in intellectu speculatiuo cuĩusmõĩ

520 886 848 84 sunt lciẽtiae speculatiuaeiut naturalis philoso

524 945 842 78 phia geometeia: methaphisica & catera ta'

522 995 851 82 lia.Uirtutes uero simpliciter morales sũt illae

526 1054 842 91 q̃ sũt in appetitu siue appetitus ille sit sensi'

526 1118 844 74 tiuus : siue intellectiuus: cuiusmõĩ autẽ sunt

526 1173 847 76 ĩustitia temperantia:fortitudormãsuetudo.

530 1231 843 82 & catera talia de quibꝰ sumꝰ singularĩter tra

528 1290 847 74 ctaturi.Uirtutes autẽ media ĩter intellectua

530 1344 840 84 les & morales sunt uictut es existentes in in.

528 1403 847 80 tellectu practico ut prudẽtia & alia uirtutes

530 1463 847 76 sibi annexa.Prudentia autem ẜm cõmenta

528 1525 851 71 torem super libris ethicorom media est ĩter

532 1580 847 78 uirtutes morales & intellectuales : cõputari

532 1640 845 76 tamẽ potest cum uirtutibus moralibus : nã

533 1697 848 78 prudentia nõ est nisi in honoribus bonis: si

537 1755 842 73 cot nec uirtutes morales: prauĩ.n.homines

537 1812 844 74 & si pñt esse sciẽtes astuti & uersipelles. Pru

539 1868 842 76 dentes tamen esse non possant ut suo loco

539 1927 838 88 patebit. Inde est ergo quod dicitur.℥.ethi'

541 1987 844 74 corum ꝙ impossibile est prudentemesse nõ

541 2048 844 70 exñtem bonũ.¶Dimissis ergo uirtutibus

543 2098 842 76 huiusmõi intellectua libus:ut dimissis sentẽ

543 2161 834 84 tiis speculatiuis: de prudẽtia & de uirtutibꝰ

547 2215 842 82 moralibus est tractandum. Suscepimus.n.

549 2272 838 86 ut pluries diximus praesens opus nõ ut scia'

547 2332 842 76 mus:sed ut bonĩ fiãus qua bonĩtas sine pru

549 2391 842 72 dẽtia & uirtutibꝰ moralibꝰ nobis ĩnesse nõ

551 2447 840 86 potest. ¶ Has autẽ uirtutes in intellectu &

553 2506 840 76 appetitu sic esse contingit.Dictum est.n.uir

555 2566 836 72 tutem esse aliquid em rationem:oportet er

557 2621 840 86 go esse rõnalem potentiam in qua potest

557 2681 838 72 esse uirtus. Rõnale autẽ duplex est secundũ

559 2736 840 84 philosophum per eẽntiã & per participatio

557 2796 844 113 nẽ. Intellectus autẽ est rõnalis ꝑer eẽntiar.

1430 276 828 88 Appetitus uero per participatiõem:nam ap

1432 337 828 83 petitus licet nõ sit ĩpse intellectus uel ipsa ta

1434 397 828 74 tio eẽntialiter. dicitur tamen participare ra

1432 456 832 79 tionẽ: quia est aptus natus rationi obedire.

1436 512 828 74 Potẽtia autem naturales & sensuo:nec sunt

1434 571 832 85 tõnales per essentiam quia non sunt ipla ra

1436 633 830 78 tiornec ratiõe participãt: quia per se & secũ

1436 687 830 80 dũ quod hmõi non obediunt rationĩ.Igit

1436 746 830 80 in sensibus & in potentiis naturalibus ut su'

1438 804 830 82 pra dicebat᷑ non habent esse uirtutes:sed so

1440 867 826 74 lum esse habent in intellectu & appetitu.

1440 921 826 86 In nobis autẽ duplex est appetitus. intele'

1440 982 828 76 ctiuus & sensitiuus. Nã sicut appetĩtus natu'

1440 1042 828 80 ralis sequitur formam naturalitet adeptam:

1440 1099 830 89 sic appetitus cognitiuus sequitur formã per

1442 1159 830 76 cognitionẽ apprahensam. Sicut.n. grauia

1442 1216 830 87 ex eo ꝙ hñt formam grauis:sequif ea qua

1442 1276 832 82 dam natoralis inclinatio & quidã appetitus

1442 1333 830 76 naturalis ut naturaliter desiderẽt eẽ deorsũ

1442 1395 830 74 sic habentia cognitionem prout habent ĩ se

1442 1446 830 87 ipsis formam apprahẽsam sequitur quaedã

1444 1506 826 88 inclinatio & quidã appetitus ẜm formam il

1444 1563 828 87 lamipropter quod sicut in nobis duplex est

1444 1621 826 80 cognitio lensitiua & intellectiua:sicut ẽt est

1442 1679 820 88 in nobis duplex appetitꝰ uidelicet sensitiuꝰ

1448 1734 812 94 qui sequit formã apprahẽsara pec sensum

1448 1794 818 92 & intellectus qui sequit᷑ formã apprahẽsaz

1446 1853 828 90 per intellectum. Appetitus autem sensitiuus

1446 1909 828 90 duplex est. Nam cum anĩmalia sint supra in

1448 1970 828 84 animata si natura elemẽtis & rebꝰ inanima

1449 2022 829 88 tis dedit duplicem potẽtiam unam per quã

1449 2083 829 91 tẽdũt in proptiam quietem & aliã per quã

1449 2143 831 82 resistũt & agũt in prohibentia & incõtraria

1451 2210 827 81 multomagis hanc duplicẽ potentiam natu'

1449 2254 829 84 ra dedit ip̃is animalibus quae sunt perfectio

1453 2319 829 83 ra illis. Uidemus.n.ꝙ ignis naturaliter est

1451 2371 825 88 calidus & leuis:per leuitatem autẽ tendit in

1455 2430 821 89 Iocum proprium & in quietẽ sibi conueniẽ

1451 2492 821 90 tem: per caliditatẽ uero agit in contratia: ne

1455 2549 819 93 ergo ĩgnis per quaecũq: coniratia agẽtia im

1453 2609 827 90 peditet᷑ ne per leuitatem in proprio loco qe

1453 2666 829 79 sceret dedĩt ei natura potentiam calefactiuã

1453 2728 831 86 ut per eam resisteret & ageret in cõtratia cor

1449 2777 837 117 ruptiua. Si ergo igni & rebus inanimatis na

2089 2843 199 88 tatadedit
