1425 1858
643 121 422 58 derios del alma. Et en quales pod̾ios

669 167 290 33 in de seer las u̾tudes/.

761 186 306 43 ues q̃ ya con el ayuda de

754 217 316 37 dios acabamos la ṕm̾a par

755 249 311 43 te deste libro ṕmero en q̃ se

645 278 427 45 ẗcta dł gou̾namiẽto dł om̃e enssi/. Et

646 306 426 47 mostmos en q̃ deuẽ poner los Reyes ⁊ los

646 336 424 46 ṕnçipes la su feliçidat ⁊ la su biẽ andã

642 367 423 48 ça/. Et q̃ nõ les cõuiene poner la su fin

642 399 433 44 en riq̃zas nĩ en poderio ciuil nĩ en miu

643 430 428 48 gũas oẗs cosas corporales nĩ tẽporals̃

642 463 432 47 Mas assi cõmo ꝓuamos cõplida mẽte

642 491 427 48 desuso deuẽ husar de todas estas cosas

644 523 426 42 assi cõmo de instrumẽtos ꝑa ganar la

643 553 434 49 feliçidat ⁊ la biẽ andãça. Mas la su bien

644 589 434 38 andança deuẽ poner en obras de p̈dençia

646 617 426 42 ⁊ de sabiduria segũd q̃ tales ob̈s son re

646 648 427 48 gladas por caridat ⁊ por el amor de dios

645 677 430 52 Ca estonçe hã los Reyes ⁊ los ṕncipes

645 709 427 52 la su feliçidit ⁊ la su felicidat biẽ an

646 741 424 49 dança q̈l deuẽ auer ⁊ q̈l ꝑtenesce asu

647 770 423 49 estado q̈ndo ellos cõ el ayuda de dios ⁊

646 801 429 43 con el amor de dios segũd la sabidu

649 836 429 44 ria dł gou̾namiẽto gouernã las sus̃

650 867 434 49 gẽtes ⁊ los sus pueblos q̃ les son aco

650 900 435 44 mẽdados scã mẽte ⁊ derechurera mẽte

650 931 420 46 segũt ley ⁊ segũt razõ /. Et pues q̃

649 958 428 49 assi es ṕnçipal mẽte la feliçidat ⁊ la

645 990 436 43 biẽ andança dłos Reyes ⁊ dłos ṕnçipes

649 1019 433 42 es de poner en solo dios /. Ca deuẽ el

649 1047 430 50 los ordenar la su uida ⁊ el su estada

649 1080 430 44 a esto q̃ por conosçimiẽto ⁊ por amor

648 1105 423 47 de dios conosçiẽdol ⁊ amãdol assi cõ

650 1135 438 42 mo oficiales u̾daderos suyos endere

652 1163 430 42 scẽ ⁊ guyẽ el pueblo q̃ les es acomẽ

651 1192 426 44 dado segũd orden de razõ ⁊ de entẽdi

649 1223 435 45 miẽto/ Et pues q̃ assi es estas cosas to

650 1252 428 43 das assi acabadas ⁊ demosẗdo en q̈l co

651 1282 423 46 sa han los Reyes ⁊ los ṕnçipes de po

651 1312 422 44 ner su fin segũd la orden ya dicha

652 1343 438 44 ⁊ assignada finca nos de demostrar en

652 1372 426 44 q̈les útudes deuẽ resplandesçer los

651 1402 438 50 Reyes ⁊ los ṕnçipes/. Ca las útudes

650 1437 447 54 son unos hornamẽtos ⁊ cõponimiẽtos

152 1447 429 51 capitło de cõmo se departen los po

604 1816 209 37 DUA MISC MS.2S

1355 1777 37 52 ag
