1425 1875
1023 53 95 49 parte.

396 41 94 63 ¶.la

742 54 129 67 Sẽgũda

326 139 434 63 estas tales utudes son iustiçia ⁊ teꝑãça

328 182 427 49 ⁊ fortaleza ⁊ mãsedũbre ⁊ las oẗs tals

326 210 431 47 dłas q̈les auemos de fablar en este libͦ

326 243 436 53 espeçial mẽte de cada una dellas ¶Mas

323 276 434 47 las útudes median̾as entre las intell

326 310 421 43 ectuales ⁊ las morales son aq̃llas q̃

328 335 416 47 estã eñl entẽdimiẽto p̈tico ⁊ obrador

323 366 435 47 Assi cõmo es la p̈dençia q̃ es regla dete

328 395 428 56 ch̃a ꝑa biẽ ob̈r. Et las oẗs útudes q̃ se

326 427 435 57 ayũtã aesta/. Ca la p̈dençia segũt q̃ di

327 460 431 49 ze el comẽtador sobre el libro de las

326 493 442 50 etḧs es median̾a entre las útudes mo

323 528 434 47 tales ⁊ entre las intellectuales/. En

322 557 440 51 ꝑo puede se cõtar con las útudes mora

321 588 436 53 les por q̃ la p̈dençia nõ es sinõ en los

320 621 436 49 buenos om̃s/. Assi cõmo las útudas

321 654 447 41 morales nõ son sinõ en los buenos Ca

321 684 441 49 los malos om̃s maguera seã sabidors̃

325 718 437 42 ⁊ faldridos ⁊ engãnosos enꝑo nõ pue

327 748 441 46 den ser p̈dentes nĩ sabios assi cõmo

326 780 445 50 lo ꝓuatemos en su logar¶Et por

326 812 446 50 ende dize el pħo eñl sexto libro dłas

326 845 437 49 etḧs. ca nõ puede ser el om̃e p̈dente

328 877 432 49 ⁊ sabio ⁊ nõ ser bueno/. Pues q̃ assi

329 908 440 48 es dexando aparte las útudes intell

327 939 438 47 ectuales ⁊ las sciãs especulatĩas q̃ sõ

327 972 445 46 eñl entẽdimiẽto especulatĩo/. Aq́ sola

328 1004 436 44 mẽte auemos de fablar dła p̈dençia

331 1034 438 43 ⁊ dłas útudes morales q̃ sõ eñl entẽ

329 1065 440 45 dimiẽto p̈tico/o eñl appetito/. Ca alsi

329 1094 441 45 cõmo muchas uezes auemos dich̃o to

328 1121 436 45 mamos esta ob̈ p̾sente ⁊ esta scĩa nõ

329 1153 447 48 por q̃ nos faga sabidores de scia mas por

329 1182 439 48 q̃ nos faga buenos/. La q̈l bondat nõ pu

329 1211 438 42 ede ser en nos sin la p̈dençia ⁊ sin las

331 1239 438 45 oẗs u̾tũdes morales/. Mas estas útu

331 1268 441 46 des assi cõuiene q̃ seã eñl entẽdimiẽto

333 1297 438 48 ⁊ eñl appetito/. Ca dich̃o es q̃ la útud es

335 1328 433 53 alguã cosa segũt razõ ⁊ por ende cõui

336 1360 445 52 ene q̃ sea pod̾io razonable aq̃l en q̃ esta

336 1394 440 47 la útud ¶Mas deuedes saber q̃ podeno

337 1428 440 42 razonable ẽs en dos man̾as segũt dize

337 1456 421 48 el pħo ¶Uno es porsu essençia ⁊ por si

339 1498 428 39 misino ¶Et otͦ por participaçiõ ⁊ por

340 1522 429 54 cõuensẽçia/. El entãdemiẽto es pod̾io

839 150 432 47 Razonable ⁊ de razon por eençia et

841 176 441 46 por si mismo/. Mas el appecito es razo

840 206 445 47 nable por partiçipaçõ ⁊ por cõueniẽçia

838 235 428 50 Ca el appetito maguer nõ sea el en

840 263 435 49 tẽdimiẽto nĩ sea la razõ por eẽnçia

840 290 436 53 Enꝑo partiçipa cõ la razõ por q̃es apa

842 321 428 49 reiado ⁊ inclinado de obedesçer al en

841 354 438 51 tẽdimiẽto ⁊ ala razõ mas los pod̾ios

840 385 441 50 nat᷑ales ⁊ los sesos nõ son razonabłs

840 420 437 48 por eẽnçia/. Ca nõ son entẽdimiẽto nĩ

844 454 431 46 razõ nĩ tomã ꝑte de entẽdimiẽto nĩ

847 487 432 45 de razõ por q̃ por si ⁊ en q̈nto son de

843 517 428 46 tal condiçiõ nõ obedesçẽ ala razõ/¶

841 546 426 48 Et pues q̃ assi es en los sesos nĩ en

844 577 432 52 los pod̾ios nat᷑ales nõ pueden ser las

842 610 440 48 u̾tudes assi cõmo ya dixiemos desuso

842 641 441 49 Mas sola mẽte estas útudes hã de seer

843 675 429 48 eñl entẽdi miẽto ⁊ eñl appetito/. Mas

843 706 442 50 en nos ay dos apetitos/ ¶Uno dł en

846 736 447 49 tẽdimiẽto/. Et otͦ dł seso/. Ca assi cõmo

844 773 441 44 el appetito nat᷑al sigue asu forma na

843 803 438 51 t᷑al mẽte auida/. assi el appetito conos

844 834 440 48 çedor sigue la forma rescebida oaui

846 867 439 46 da por el conosçimiẽto/ ¶Uerbi gr̃a

848 896 435 54 ¶Assi cõmo todas las cosas pesadas

847 931 431 48 por q̈nto hã forma de pesadura/. En

846 962 445 48 tãto se sigue aellas un appetito ⁊ una

847 989 437 45 inclinaco nat᷑al por q̃ desseã nat᷑al/.

847 1022 433 50 mẽte descender ayuso/ ¶ Bien assi

847 1055 436 47 las cosas q̃ han conosçimiẽto ẽ q̈nto

847 1084 442 48 hã en si mismas aq̃lla forma conosçida

847 1112 436 52 sigue se aellos una inclinaçiõ ⁊ un

846 1143 439 47 apetito segũt aq̃lla forma/. Por la q̈l

846 1175 446 42 cosa assi cõmo en nos ay dos conosçimi

845 1202 437 43 entos uno dł seso ⁊ otͦ dt entẽdimiẽto

844 1234 440 45 assi en nos ay dos appetitos uno sen

845 1263 428 42 ssitiuo q̃ sigue la forma tomada ⁊ co

840 1291 447 51 noscida por el seso/. Et el otͦ ĩtellectiuo

847 1327 435 49 q̃ sigue la forma tomada ⁊ cõnosçida

852 1362 432 46 por entẽdimiẽto. ¶Mas el appetito sẽ

852 1393 425 46 ssitiuo es endos man̾as ca cõmo las

850 1428 433 43 aiãlias sean sobre las cosas q̃ nõ hã

856 1462 424 45 alma. si la nat᷑a dłos helemẽtos dio

852 1498 426 34 atodas las cosas q̃ nõ han alma dos

857 1526 421 50 appetitos ⁊ dos pod̾ios/. Uno por el q̈l
