2436 3248
332 541 682 83 et talia uir tutes uero simp liiter morales

324 611 659 51 sunt ille que sunt in appetitu siue appe

328 642 653 63 titus ille fit sensitimis siue intellecti

333 689 655 47 uus Cimismodi iustida temperantia

326 721 637 65 fortitudo mansuetudo et cettera talia

328 772 646 56 de quibus sumus singulariter tratta

328 813 664 58 turi. Uirtutes uero medie inter intel

326 860 662 54 lectuales et morales sunt uirtutes exi-

328 905 651 42 stentes in intellectu practicout pru

328 938 631 63 dentia et alie uirtutes sibi amnex e

326 988 662 54 Prudencia emm ss cõmentatorẽ super

328 1028 671 63 librum ethitorum est media inter uirtu-

326 1077 639 47 tes morales et intellettuales tamen

326 1122 655 49 potest comparari cum uirtutib mora

328 1160 648 59 libus Nam prudencia non dnest nisi

328 1201 619 49 homibus boms sicut nec uirtutes

328 1237 650 56 mora les sdram enimi honnẽs et si possit

330 1290 649 54 ee scientes astuti et uersipelles prudẽtes

330 1331 646 51 tamen ẽẽ non possunt ut suo loco pate

330 1374 635 46 bit. Inde est ergo ꝙ dr̃ sexto ethiz ꝙ im

330 1403 624 53 possibile est prudentem non entem homuĩ

337 1447 648 59 ¶ Dimisfis igitur uirtutes intellectua

328 1495 659 53 les et saienciis speculatiuis De prudencia

326 1533 648 51 et de uirtutib inoralib est trattandum

326 1575 633 50 Suscepmiꝰ enm ut pluries diximus

324 1609 655 67 presens opus non ut sciamus szut boĩ

326 1661 628 55 fiamus que honitas sineprudentia

326 1701 644 60 et sine uirtutibz moralib nobis Iuesse

326 1748 659 49 non potest. has autem uirtates intel

324 1780 664 55 lectu et appetitu sicesse contingit dictũ

324 1820 652 65 est enm uirtutem esse aliquid̃ sgz rõnẽ

326 1871 657 54 oportet ergo rõnalem potenciam in qua

322 1910 627 55 pomitur esse uirtus. Lacionale autem

322 1957 643 58 dupplex est ss phm̃ per essentiam et per

321 2001 655 57 participationẽ Intellectus auten rõnal

321 2044 646 45 est per essentiam Ꝙz appetitucz est rõnalis

321 2089 628 52 per participationẽ. Nam apetitus licet

322 2125 637 49 non sit intellectus siue ipã rõ essencialit

321 2172 649 47 dicitur tñ participare rõnem qr est aytusz

324 2212 639 43 natus racioni obedire. Idotentie autem

322 2248 659 83 nales et sensus nec sintt rõnales per esse

1167 573 632 51 tiam qr non sunt ipã racio nec rõnem

1165 604 652 60 participant qr per se nec ssz ꝙ himusmoĩ

1165 644 637 54 non obediunt rõm Igitur in sensibz et

1167 692 637 55 in potenciis naturalib ut supra dictum

1167 727 646 56 est non habent esseuirtutes sz solum ha

1165 770 643 60 bent esse in appetitu et intellectu. In no-

1167 819 630 54 bis autem dupplex est appetitus scilicet

1169 862 662 47 intellectinus et sensituius. nam sicut appe

1167 902 648 57 titus naturalis sequitur formam appre,

1165 945 648 51 hensam per cognicionẽ sicut em̃ grama

1163 992 650 52 ex eo ꝙ habent formam grauem seguitur

1162 1035 656 53 ea qued̃ naturalis inclinacio et quid appe-

1165 1075 634 58 titus natitralis ut naturalit̾ desiderent

1162 1118 660 62 esse deorsum sic humana cognostentia pro

1163 1158 654 56 ut habent in se ip̃is formain apprehensam

1162 1207 656 56 sequitur qued niclinacio quid appetitus ss

1162 1246 631 55 formam illam pp̃ quod sicut est in nobicz

1162 1288 647 49 dupplex cognnicio sensitiua et intellettiua

1162 1331 682 58 Sic est in nobis dumplex appetitus sensituu

1162 1374 660 44 et intellectutus Sensitums qui sequitur

1158 1403 650 56 formam apprehensam per sensum et intel

1162 1445 651 56 lectiuus qui sequitur formam apprehen

1160 1486 658 62 sam per intellectum ¶ Appetitus autem sẽ

1158 1537 669 49 situius dupplex est. nam cum aĩalia sint

1160 1573 651 51 supra aiãta sic natura calidis et rebus

1160 1622 653 52 inaiãtis dedit duplicem potenciã unam

1158 1658 641 50 per quam tendinit in propriam qui etem

1160 1703 648 50 et aliam per quam resistunt et agunt in

1158 1744 664 56 prohibencia et in contraria. multo magis

1160 1793 648 47 hanc dupplitem potenciã natura dedit i

1156 1831 662 51 ꝑsis aiãlibz que sunt perfectiora illis. Ui

1156 1871 670 56 demus emĩ ꝙ ignis qm est naturaliter ca

1165 1912 666 56 lidus et leuis per leiitatem emĩ tendit in

1158 1954 651 54 locum propum et in quietem sibi cõueĩ

1158 1997 650 60 entem per caliditatem uero agit in con

1158 2048 642 54 traria. Ne ergo ignis per quecumqz a

1156 2091 639 49 gencia contraria impediat᷑ qum per

1156 2134 652 43 leuitatem in proprio loco quiescere posset

1158 2170 628 58 dedit ei natura potenciã calefactiuam

1158 2217 655 51 ut per eam resisteret et ageret in cõtraria

1153 2255 678 79 coreuꝑtiuia. Si igitur natura dedit igni
