2371 3442
595 474 1335 84 son totas tres xegetatiuasensitiua e intellectiua. que axi'

595 535 1343 90 com  la  xegetatiua es dins  la  sensitiua: axi  la  xegetatiua e

597 602 1341 84 sensitiua son en  la  intellectiua. E perço es lome mes noble a

595 671 637 91 nimal que tots los altres.

681 740 1068 118 ¶Capitol segon com son partidas las xirtuts.

715 827 970 113 e com son en  lo  enteniment e en lo appetit.

847 906 1087 103 Ist que en  las potencias naturals ne en las sen

843 980 1093 90 suals no han a esser  las xirtuts:resta a xeine coz

845 1044 1089 86 son partidas e com stan en lenteniment e en lo

799 1107 1137 82 apetit. deu esser distinccio delas xirtuts e de a

591 1170 1345 86 questas potencias. Car delas xirtuts algunas son intellectu

597 1237 1339 82 als altres morals. altres que tenen  lo  mig entre  las intellec

595 1298 1339 90 tuals e morals.. Uirtuts intellectuals son aquellas, que sõ

591 1365 1337 80 en lenteniment speculatiu. ço es las sciencias speculatiuas.

591 1426 1339 82 axicom philosophia natural geometria e methaphisica e las

589 1491 1345 86 altras semblants.¶Las xirtuts de tot morals son  las que

589 1556 1343 84 stan en  lo  appetit. ara sia sensitiu o intellectiu. e son iusticia

587 1617 1343 81 temperancia  fortitut e mansuetut e las altras. delas quals

583 1682 1345 79 singularment hauẽ atractar. Las xirtuts que tenen lo mig

585 1753 1340 71 entre  las  intellectuals e morals. son  las que stan en lenteni¬

585 1808 1342 73 ment pratich. axicom es prudencia e  las altras acostadas a

581 1860 1380 90 ella. Car prudencia segons  lo  comentador sobre lo sise delas

581 1929 1313 86 ethicas te  lo  migentre  las xirtuts morals e intellectuals.

585 2000 1342 80 mas pot esser comptada  ab  las uirturs morals. que pruten

581 2059 1342 82 cia solament es enlos bons homens.e las altras xiituts mo

579 2116 1344 90 tals per lo semblant. Car los homens mals poden esser molt

583 2183 1336 79 scients mas no prudents. Segons aço en son lochsera ma

581 2244 1342 92 nifest. E per ço es scrit en lo sise delas ethicas. que no ꝑot es

581 2306 1336 86 ser prudent. lo qui no es bo.¶Partidas  las  xii tuts intelle

581 2371 1330 95 ctuals e las  sciencias speculatiuas  deu esser tractat telas u

583 2443 1344 86 tuts morals. Car prenem  la  present obra segons moltas ue

587 2506 1328 178 gacias hauen cit: no perque lopian mas paue liaz sets bos
