2371 3442
476 451 1341 82 noibles: ⁊a e enten en los bens e en los mals sencibles nose

476 514 1334 94 gons si pençats  mas segons han rao de cosa gran e difficil

468 587 1342 80 Car granesa e difficultat molt contrastan que no acõsegues

468 644 1344 94 cam be. e esquiuem mal. Doncbs imperfetament haguera

465 709 1347 82 fet natura:si hagues dat ales cosas animadas potencia con

466 772 1348 88 cupiscibla per la  qual esquiuassem mals e seguissem bens: si

465 845 1347 76 potencia irascibla nols hagues dat per  la  qual contrastassez

465 902 1345 80 a  las cosas quens empatxen aquella delectacio. Donchs do

465 961 1343 86 ble es  lo  appetit sensitiu.ço es irascible e cõcupiscible. Lo

466 1028 1342 88 appetit intellectiu qui es appellat xoluntat. resta indiuis.

461 1093 1351 77 Car cõ lo  enteniment esguart lo seu obiecte  ab manera mes

470 1164 1340 77 mniuersal. que no fa lo seny:lo  appetit intellectiu es aportat

461 1231 1355 75 en be ab manera mes xniuersal que nolo sensitiu. E perço

461 1285 1351 86 quant mes alguna cosa es presa sots manera xniuersal:tant

459 1348 1357 82 mes ella stant una mateixa se esten a mes cosas. per be quel

459 1413 1351 84 appetit sensitiu sia altre e altre segons  lo  qual seguim las co

459 1478 1345 74 sas delitablas segons lo sens corporal e escometem las co¬

457 1537 1349 90 sas tristas. Mas  lo  appetit intellectiu xn  mateix ua en tot

459 1602 1349 86 be intellectual. Elo es donchs altre  lo  appetit intellectiu se

463 1671 1343 76 gons lo  qual per  lo  enteniment seguin  las cosas bonas c d̃

461 1726 1349 79 litables e animosament començam  las  grans e difficils: axi

457 1787 1351 83 com es altre  lo  appetit sensitiu segons  lo  qual segui los bẽs

459 1856 1347 71 sensibles e delitables e animosament escometem  las cosas t̃

457 1921 1351 67 riblas. Perque si tota xirtut moral es enlo enteniment o en

457 1975 1349 84 lo appetit:lo  appetit altre es intellectiu axicom  la xoluntat

461 2042 1343 80 altre sensitiu.e aquest es doble. ço es irascible e cõcupiscible

453 2103 1343 78 ¶ Es necessari donchs que tota xirtut moralsia en lo  ente¬

459 2168 1343 78 niment o en  la  uoluntat o en  lo  appetit irascible o en lo con

459 2231 1343 82 cupiscible. Donchs prenent largament uirtut moral segons

459 2308 1343 80 que prudencis es dita alguna uirtut moral:ꝑodem dir que

459 2371 1337 68 segons aquestas quatre potencias dela anima enlas quals

470 2430 1323 71 xirtut ha a esser :son presas quatre xirtuts cardinals. ço es

457 2493 1334 199 paucencia uisticia sortitus remgtans. Car ptucendia es
