2371 3442
562 466 1347 94 ¶ Diffinit que es aĩa xenint a la diuisio d̃ aquella dien, que

554 525 1355 98 cĩa se dĩuideix en tres specias. co es xegetatiuasensitiua. e

576 594 1331 88 intellectiua. La xegetatiua es aquella: que es en  las plãtas

572 657 1337 96 las potencias dela qual son nutritiua: augmentatiua. genc

547 718 1366 98 ratiua. La nutritiua  conuerteix  lo  aliment en substancia del

574 787 1335 90 cors.per  la  qual substancia es lo  cors conseruat en xida. La

570 849 1335 89 augmentatiua  dona creximent al cors estenent  lo  aliment ꝑ

572 912 1333 95 totas  las  parts del cors. La  generatiua engenra altre cors.

572 979 1339 84 e aquesta te quatre potencias. ço es at tractiua  retentiua

564 1042 1349 93 dĩgestiua expulsiua. La attractiua es per attraure  la substã

566 1103 1347 86 cia del aliment. La  retentiua ꝑ a retenir aquella substancia

570 1168 1343 94 desque es treta. La dĩgestiua digereix aquella substancia. co

568 1235 1345 88 es ab  la  xnitiua e disponent  la  per a poder se conuertir en lo

568 1302 1347 82 cors que engenra. La  expulsiua es per a lançar  las superflui

576 1363 1339 88 tats  que nos poden conuertir en substantia del cors.¶ De

576 1430 1341 84 la aia sensitiua q̃ es en los aĩals q̃senten quãt son tocats:son

572 1495 1343 80 duas potẽcias principals.ço es apprensiua: e motiua. La a

566 1558 1351 71 prensiua se diuideix en quas specias.ço es en exterior:e inte

564 1613 1351 88 tior. La apprensiua exterior te sinch potencias.ço es xisiua

570 1678 1345 85 auditiua odoratiua gustatiuae tactatiua. las quals se diẽ

570 1738 1345 84 los cinch senys corporals. La  apprensiua  interior te altres

568 1810 1347 73 cinch specias.ço es senx comu  imaginatiua extimatiua. fã

570 1864 1345 78 tasia e memoria. las quals se dien los cinch senys interiors

572 1927 1341 84 E aquestas son en  lo  ceruell del aĩal. lo qual es diuisit en trs

572 1994 1335 88 ꝑa rts.ço es pͥmera segona derrera. La pͥmera es en lo  frõt.

572 2055 1341 84 la segonaen mig del cap. la  derrera en  lo  toç. En  la p̾mera

568 2124 1343 76 se aiustan los.x. niruis ḋls.xsenys extiors. ꝑ los quals nir

570 2178 1343 86 uis uã las sp̃as apresas ꝑ los senys ext̃iors fis al senz comu

570 2239 1343 97 qui sta alli on se aiustã los niruis.ab tot q̃ Plato dtiga q̃ lo

570 2313 1335 86 senx comusta en  lo cor.ꝑo  la  opinio del cap tenen los mes.

570 2374 1339 87 E ꝑcos diu senx comu ꝑq̃ reb totas  las specias. E aq̃sta po

572 2432 1339 95 tẽcia dsey comu es calda e seca. e ꝑço  facilmẽt reb las sp̃as

570 2493 1337 245 oreo lis ctria cãete sꝯ reomule⁊ la cupants q cos co licos
