<?xml version="1.0" encoding="UTF-8"?>
<alto xmlns:xsi="http://www.w3.org/2001/XMLSchema-instance"
      xmlns="http://www.loc.gov/standards/alto/ns-v4#"
      xsi:schemaLocation="http://www.loc.gov/standards/alto/ns-v4# http://www.loc.gov/standards/alto/v4/alto-4-2.xsd">
  <Description>
    <MeasurementUnit>pixel</MeasurementUnit>
    <sourceImageInformation>
      <fileName>catala.pdf_page_7.png</fileName>
      <fileIdentifier>pdf//catala.pdf</fileIdentifier>
    </sourceImageInformation>
  </Description>
  
  <Tags>
    <OtherTag ID="BT1" LABEL="Title" DESCRIPTION="block type Title"/><OtherTag ID="BT2" LABEL="Main" DESCRIPTION="block type Main"/><OtherTag ID="BT3" LABEL="Commentary" DESCRIPTION="block type Commentary"/><OtherTag ID="BT4" LABEL="Illustration" DESCRIPTION="block type Illustration"/><OtherTag ID="BT15360" LABEL="DecorationZone" DESCRIPTION="block type DecorationZone"/><OtherTag ID="BT15361" LABEL="DigitizationArtefactZone" DESCRIPTION="block type DigitizationArtefactZone"/><OtherTag ID="BT15362" LABEL="DropCapitalZone" DESCRIPTION="block type DropCapitalZone"/><OtherTag ID="BT15363" LABEL="MainZone" DESCRIPTION="block type MainZone"/><OtherTag ID="BT15364" LABEL="MarginTextZone" DESCRIPTION="block type MarginTextZone"/><OtherTag ID="BT15365" LABEL="MusicZone" DESCRIPTION="block type MusicZone"/><OtherTag ID="BT15366" LABEL="NumberingZone" DESCRIPTION="block type NumberingZone"/><OtherTag ID="BT15367" LABEL="QuireMarksZone" DESCRIPTION="block type QuireMarksZone"/><OtherTag ID="BT15368" LABEL="RunningTitleZone" DESCRIPTION="block type RunningTitleZone"/><OtherTag ID="BT15369" LABEL="SealZone" DESCRIPTION="block type SealZone"/><OtherTag ID="BT15370" LABEL="StampZone" DESCRIPTION="block type StampZone"/><OtherTag ID="BT15371" LABEL="TableZone" DESCRIPTION="block type TableZone"/><OtherTag ID="BT15372" LABEL="TitlePageZone" DESCRIPTION="block type TitlePageZone"/><OtherTag ID="BT15359" LABEL="DamageZone" DESCRIPTION="block type DamageZone"/><OtherTag ID="BT15373" LABEL="text" DESCRIPTION="block type text"/><OtherTag ID="BT15374" LABEL="text" DESCRIPTION="block type text"/>
    <OtherTag ID="LT1" LABEL="Main" DESCRIPTION="line type Main"/><OtherTag ID="LT2" LABEL="Numbering" DESCRIPTION="line type Numbering"/><OtherTag ID="LT3" LABEL="Correction" DESCRIPTION="line type Correction"/><OtherTag ID="LT4" LABEL="Signature" DESCRIPTION="line type Signature"/><OtherTag ID="LT6478" LABEL="DefaultLine" DESCRIPTION="line type DefaultLine"/><OtherTag ID="LT6479" LABEL="DropCapitalLine" DESCRIPTION="line type DropCapitalLine"/><OtherTag ID="LT6480" LABEL="HeadingLine" DESCRIPTION="line type HeadingLine"/><OtherTag ID="LT6481" LABEL="InterlinearLine" DESCRIPTION="line type InterlinearLine"/><OtherTag ID="LT6482" LABEL="default" DESCRIPTION="line type default"/><OtherTag ID="LT6483" LABEL="default" DESCRIPTION="line type default"/>
  </Tags>
  
  <Layout>
    <Page WIDTH="2371"
          HEIGHT="3442"
          PHYSICAL_IMG_NR="6"
          ID="eSc_dummypage_">
      <PrintSpace HPOS="0"
                  VPOS="0"
                  WIDTH="2371"
                  HEIGHT="3442">
        
        <TextBlock HPOS="413"
                   VPOS="489"
                   WIDTH="1422"
                   HEIGHT="2117"
                   ID="eSc_textblock_bd698739"
                   TAGREFS="BT15363">
          <Shape><Polygon POINTS="1766 512 1812 1269 1835 2606 436 2598 413 1321 436 489"/></Shape>
          
          
          <TextLine ID="eSc_line_d9327e89"
                    TAGREFS="LT6482"
                    BASELINE="428 544 1749 544" 
                    HPOS="428"
                    VPOS="485"
                    WIDTH="1321"
                    HEIGHT="86">
            <Shape><Polygon POINTS="1729 510 1710 510 1691 510 1672 510 1653 508 1634 508 1615 508 1595 508 1576 508 1557 508 1538 506 1519 506 1500 506 1481 506 1462 506 1442 506 1423 504 1404 504 1385 504 1366 504 1347 504 1328 504 1308 502 1289 502 1270 502 1251 502 1232 502 1213 502 1194 501 1174 501 1155 501 1136 501 1117 501 1098 499 1079 499 1060 499 1041 499 1021 499 1002 499 983 497 964 497 945 497 926 497 907 497 887 497 868 495 849 495 830 495 811 495 803 495 801 497 799 499 790 497 778 495 773 495 753 493 734 493 715 493 696 493 677 493 662 493 648 495 566 491 562 491 558 489 524 489 524 489 505 489 486 489 466 489 447 489 445 485 443 485 442 485 440 485 438 485 428 491 428 544 428 564 440 571 442 571 443 571 445 571 1749 562 1749 544 1747 510 1729 510"/></Shape>
	    <String CONTENT="En  la  segona part del ceruell stan duas potencias.ço es y¬"
                    HPOS="428"
                    VPOS="485"
                    WIDTH="1321"
                    HEIGHT="86"
                    WC="0.9712419578286468"></String>
          </TextLine>

          
          
          <TextLine ID="eSc_line_4113a052"
                    TAGREFS="LT6482"
                    BASELINE="428 609 1750 604" 
                    HPOS="426"
                    VPOS="548"
                    WIDTH="1324"
                    HEIGHT="81">
            <Shape><Polygon POINTS="428 609 428 629 1749 625 1750 604 1747 564 1414 564 1391 548 1389 548 1387 548 1385 548 1383 548 1381 548 1362 562 1335 548 1333 548 1331 548 1329 548 1305 558 1134 550 1132 550 1130 550 1129 550 1129 552 1113 564 1004 550 1002 550 1000 550 972 564 947 550 945 550 868 550 866 550 864 550 832 567 765 567 748 552 746 552 744 552 742 552 740 552 738 552 715 567 637 567 623 554 621 554 620 554 541 552 539 552 537 552 535 552 520 566 463 554 461 554 459 554 426 567 428 609"/></Shape>
	    <String CONTENT="maginatiua  la qual sta en  lo  principi dela segona part con¬"
                    HPOS="426"
                    VPOS="548"
                    WIDTH="1324"
                    HEIGHT="81"
                    WC="0.9580918021740452"></String>
          </TextLine>

          
          
          <TextLine ID="eSc_line_e32b26e1"
                    TAGREFS="LT6482"
                    BASELINE="428 673 1764 669" 
                    HPOS="426"
                    VPOS="615"
                    WIDTH="1338"
                    HEIGHT="79">
            <Shape><Polygon POINTS="426 632 428 673 428 694 1762 688 1764 669 1760 627 1712 615 1710 615 1659 625 1483 615 1481 615 1479 615 1477 615 1463 627 1385 627 1352 615 1351 615 1349 615 1347 615 1326 627 1213 627 1163 615 1161 615 1092 627 1081 617 1079 617 1077 617 1075 617 750 627 717 617 715 617 713 617 711 617 692 627 683 617 681 617 679 617 579 617 577 617 524 627 493 617 491 617 489 617 487 617 468 627 449 617 447 617 445 617 443 617 442 617 436 619 426 632"/></Shape>
	    <String CONTENT="iuncta ab  lo senx comu e estimatiua que sta en  la  fi de aq̃sta"
                    HPOS="426"
                    VPOS="615"
                    WIDTH="1338"
                    HEIGHT="79"
                    WC="0.9589498336498554"></String>
          </TextLine>

          
          
          <TextLine ID="eSc_line_63c9f4c2"
                    TAGREFS="LT6482"
                    BASELINE="430 734 1760 730" 
                    HPOS="428"
                    VPOS="678"
                    WIDTH="1332"
                    HEIGHT="79">
            <Shape><Polygon POINTS="428 699 430 734 430 757 1758 753 1760 730 1756 688 1335 678 1333 678 1234 688 1201 678 1199 678 1197 678 1196 678 1194 678 1176 690 1021 690 998 680 997 680 995 680 851 690 817 680 815 680 813 680 811 680 786 690 759 680 757 680 510 680 509 680 507 680 480 690 451 680 449 680 447 680 445 680 443 680 440 682 428 699"/></Shape>
	    <String CONTENT="segona part. En  la  derrera part del ceruell son duas poten¬"
                    HPOS="428"
                    VPOS="678"
                    WIDTH="1332"
                    HEIGHT="79"
                    WC="0.9638128749659804"></String>
          </TextLine>

          
          
          <TextLine ID="eSc_line_79853359"
                    TAGREFS="LT6482"
                    BASELINE="430 801 1760 793" 
                    HPOS="428"
                    VPOS="749"
                    WIDTH="1332"
                    HEIGHT="75">
            <Shape><Polygon POINTS="430 801 430 824 1758 816 1760 793 1756 751 463 749 461 749 459 749 428 759 430 801"/></Shape>
	    <String CONTENT="cias. ço es fantasia e memoria. fantasia en lo principi e me¬"
                    HPOS="428"
                    VPOS="749"
                    WIDTH="1332"
                    HEIGHT="75"
                    WC="0.9645256515472166"></String>
          </TextLine>

          
          
          <TextLine ID="eSc_line_41b063fd"
                    TAGREFS="LT6482"
                    BASELINE="430 866 1754 858" 
                    HPOS="428"
                    VPOS="806"
                    WIDTH="1326"
                    HEIGHT="81">
            <Shape><Polygon POINTS="430 866 430 887 1752 881 1754 858 1750 818 1467 806 1465 806 1393 818 1383 820 428 820 430 866"/></Shape>
	    <String CONTENT="moria enla si.La  part dela memoria es pegalosa freda.e ꝑ¬"
                    HPOS="428"
                    VPOS="806"
                    WIDTH="1326"
                    HEIGHT="81"
                    WC="0.9589191603249517"></String>
          </TextLine>

          
          
          <TextLine ID="eSc_line_f0b600df"
                    TAGREFS="LT6482"
                    BASELINE="440 931 1773 919" 
                    HPOS="438"
                    VPOS="868"
                    WIDTH="1335"
                    HEIGHT="88">
            <Shape><Polygon POINTS="440 931 440 954 1326 956 1328 956 1772 940 1773 919 1770 879 1609 868 1607 868 1605 868 1580 879 1310 881 1287 871 1285 871 1284 871 1178 881 1107 871 1106 871 1104 871 1102 871 1085 883 901 873 899 873 897 873 895 873 880 885 832 875 830 875 577 887 501 877 499 877 438 889 440 931"/></Shape>
	    <String CONTENT="ço si aturan tant las specias. E  la  causa perque xnis homẽs"
                    HPOS="438"
                    VPOS="868"
                    WIDTH="1335"
                    HEIGHT="88"
                    WC="0.9505319538570586"></String>
          </TextLine>

          
          
          <TextLine ID="eSc_line_55852424"
                    TAGREFS="LT6482"
                    BASELINE="436 992 1777 984" 
                    HPOS="434"
                    VPOS="935"
                    WIDTH="1343"
                    HEIGHT="78">
            <Shape><Polygon POINTS="436 992 436 1013 1775 1005 1777 984 1772 935 1406 948 1197 948 1182 942 1165 936 1163 936 1161 936 1129 942 1100 948 1037 944 947 938 945 938 943 938 914 946 905 948 897 946 870 938 868 938 866 938 790 948 767 950 719 948 507 940 505 940 434 952 436 992"/></Shape>
	    <String CONTENT="tenen mes recort que altres: es perque tenen aquesta poten"
                    HPOS="434"
                    VPOS="935"
                    WIDTH="1343"
                    HEIGHT="78"
                    WC="0.9740178235645952"></String>
          </TextLine>

          
          
          <TextLine ID="eSc_line_85b04a36"
                    TAGREFS="LT6482"
                    BASELINE="436 1057 1779 1047" 
                    HPOS="434"
                    VPOS="998"
                    WIDTH="1345"
                    HEIGHT="80">
            <Shape><Polygon POINTS="436 1057 436 1078 1777 1068 1779 1047 1775 1007 1544 998 1542 998 1540 998 1507 1007 1506 1007 1502 1007 1347 1000 1345 1000 1245 1009 1238 1009 1224 1009 1039 1002 1037 1002 975 1011 968 1011 941 1011 706 1003 704 1003 702 1003 700 1003 686 1013 683 1015 434 1015 436 1057"/></Shape>
	    <String CONTENT="cia mes pegalosa.. La  potencia motiua se diuideix en dnas"
                    HPOS="434"
                    VPOS="998"
                    WIDTH="1345"
                    HEIGHT="80"
                    WC="0.9604843967947466"></String>
          </TextLine>

          
          
          <TextLine ID="eSc_line_90452007"
                    TAGREFS="LT6482"
                    BASELINE="436 1124 1781 1111" 
                    HPOS="434"
                    VPOS="1059"
                    WIDTH="1347"
                    HEIGHT="86">
            <Shape><Polygon POINTS="436 1124 436 1145 1559 1143 1682 1132 1756 1139 1758 1139 1760 1139 1781 1128 1781 1111 1777 1070 1712 1059 1710 1059 1609 1068 1590 1059 1588 1059 1586 1059 1521 1070 1513 1070 1500 1070 1400 1061 1398 1061 1264 1070 1199 1074 434 1072 436 1124"/></Shape>
	    <String CONTENT="potencias.ço es appetitiua e executiua. La appetitiua mou"
                    HPOS="434"
                    VPOS="1059"
                    WIDTH="1347"
                    HEIGHT="86"
                    WC="0.9773733430895312"></String>
          </TextLine>

          
          
          <TextLine ID="eSc_line_5e1bb3f9"
                    TAGREFS="LT6482"
                    BASELINE="436 1185 1779 1174" 
                    HPOS="434"
                    VPOS="1132"
                    WIDTH="1345"
                    HEIGHT="76">
            <Shape><Polygon POINTS="436 1185 436 1208 1511 1206 1620 1197 1747 1204 1749 1204 1750 1204 1779 1193 1779 1174 1773 1132 434 1133 436 1185"/></Shape>
	    <String CONTENT="lo aĩal a desiiar  lo  qne xol. E aquesta te duas potencias.co"
                    HPOS="434"
                    VPOS="1132"
                    WIDTH="1345"
                    HEIGHT="76"
                    WC="0.9473814983216543"></String>
          </TextLine>

          
          
          <TextLine ID="eSc_line_1491daf6"
                    TAGREFS="LT6482"
                    BASELINE="443 1250 1783 1235" 
                    HPOS="442"
                    VPOS="1191"
                    WIDTH="1341"
                    HEIGHT="88">
            <Shape><Polygon POINTS="443 1250 443 1271 775 1279 776 1279 778 1279 817 1267 822 1267 834 1267 937 1277 939 1277 1152 1263 1173 1263 1184 1263 1278 1273 1280 1273 1781 1256 1783 1235 1777 1191 442 1202 443 1250"/></Shape>
	    <String CONTENT="es concupiscibla e irascibla. La cõcupiscibla nos mou a pro"
                    HPOS="442"
                    VPOS="1191"
                    WIDTH="1341"
                    HEIGHT="88"
                    WC="0.9647462437550227"></String>
          </TextLine>

          
          
          <TextLine ID="eSc_line_30cfe7b1"
                    TAGREFS="LT6482"
                    BASELINE="432 1315 1787 1300" 
                    HPOS="430"
                    VPOS="1244"
                    WIDTH="1357"
                    HEIGHT="96">
            <Shape><Polygon POINTS="432 1315 432 1334 937 1340 939 1340 985 1330 1431 1334 1433 1334 1787 1319 1787 1300 1781 1244 1708 1258 1670 1246 1668 1246 1666 1246 1569 1260 1488 1248 1486 1248 1484 1248 1483 1248 1469 1262 1272 1265 1197 1265 1182 1252 1180 1252 1178 1252 1176 1252 1062 1265 1002 1254 1000 1254 998 1254 997 1254 983 1267 930 1267 809 1256 807 1256 805 1256 759 1269 681 1258 679 1258 677 1258 675 1258 658 1269 625 1258 623 1258 621 1258 539 1269 430 1260 432 1315"/></Shape>
	    <String CONTENT="seguir lo  obiecte per quel posseiscam, quant es lo obiecte cõ"
                    HPOS="430"
                    VPOS="1244"
                    WIDTH="1357"
                    HEIGHT="96"
                    WC="0.9602992175117372"></String>
          </TextLine>

          
          
          <TextLine ID="eSc_line_7d1f463f"
                    TAGREFS="LT6482"
                    BASELINE="447 1378 1781 1361" 
                    HPOS="445"
                    VPOS="1309"
                    WIDTH="1336"
                    HEIGHT="90">
            <Shape><Polygon POINTS="447 1378 447 1399 1779 1384 1781 1361 1777 1321 1632 1309 1630 1309 1628 1309 1595 1321 1486 1311 1484 1311 1483 1311 1481 1311 1481 1313 1469 1325 1184 1327 1088 1317 1086 1317 1033 1328 897 1319 895 1319 794 1330 778 1321 776 1321 775 1321 773 1321 771 1321 734 1332 595 1323 593 1323 591 1323 549 1334 478 1325 476 1325 474 1325 445 1336 447 1378"/></Shape>
	    <String CONTENT="corde ab  lo  appetit. La irascibla nos mou a resistir al obiec¬"
                    HPOS="445"
                    VPOS="1309"
                    WIDTH="1336"
                    HEIGHT="90"
                    WC="0.9660471193492413"></String>
          </TextLine>

          
          
          <TextLine ID="eSc_line_0031aef7"
                    TAGREFS="LT6482"
                    BASELINE="449 1445 1783 1424" 
                    HPOS="447"
                    VPOS="1376"
                    WIDTH="1336"
                    HEIGHT="90">
            <Shape><Polygon POINTS="449 1445 449 1466 1781 1447 1783 1424 1779 1386 1680 1376 1678 1376 1676 1376 1655 1386 1653 1386 1643 1386 1571 1378 1569 1378 1452 1386 1423 1388 1416 1386 1381 1378 1379 1378 1377 1378 1375 1378 1358 1386 1351 1392 1165 1394 1115 1388 1054 1380 1052 1380 1010 1388 981 1394 962 1388 941 1382 939 1382 937 1382 893 1388 851 1395 838 1390 828 1384 826 1384 824 1384 822 1384 809 1390 784 1399 719 1390 692 1386 690 1386 669 1390 633 1397 623 1390 621 1388 620 1388 618 1388 616 1388 447 1390 449 1445"/></Shape>
	    <String CONTENT="te mal destroint  lo  o fugint li. La  exequutiua es xna poten¬"
                    HPOS="447"
                    VPOS="1376"
                    WIDTH="1336"
                    HEIGHT="90"
                    WC="0.9546747794226994"></String>
          </TextLine>

          
          
          <TextLine ID="eSc_line_342d95bf"
                    TAGREFS="LT6482"
                    BASELINE="449 1506 1793 1489" 
                    HPOS="447"
                    VPOS="1437"
                    WIDTH="1346"
                    HEIGHT="98">
            <Shape><Polygon POINTS="449 1506 449 1525 581 1535 583 1535 631 1525 746 1533 748 1533 889 1522 897 1522 905 1522 1042 1529 1044 1529 1793 1510 1793 1489 1789 1443 1682 1437 1680 1437 1653 1443 1626 1449 1599 1443 1573 1439 1571 1439 1569 1439 1567 1439 1563 1445 1555 1451 1446 1451 1412 1445 1383 1441 1381 1441 1379 1441 1362 1445 1335 1453 1243 1447 1207 1445 1205 1445 1203 1445 1201 1445 1201 1447 1199 1447 1192 1457 1090 1457 1081 1449 1077 1445 1075 1445 1073 1445 1071 1445 1048 1449 1000 1457 931 1449 901 1447 899 1447 855 1451 738 1460 723 1451 721 1451 719 1451 612 1451 610 1451 608 1451 606 1451 606 1453 597 1460 587 1453 585 1453 583 1453 581 1453 447 1453 449 1506"/></Shape>
	    <String CONTENT="cia, quins sa exercir  lo  mouiment: que ha fet en nosaltres. la"
                    HPOS="447"
                    VPOS="1437"
                    WIDTH="1346"
                    HEIGHT="98"
                    WC="0.9736758219078183"></String>
          </TextLine>

          
          
          <TextLine ID="eSc_line_30644930"
                    TAGREFS="LT6482"
                    BASELINE="455 1569 1796 1552" 
                    HPOS="453"
                    VPOS="1501"
                    WIDTH="1343"
                    HEIGHT="97">
            <Shape><Polygon POINTS="455 1569 455 1589 549 1598 551 1598 1796 1575 1796 1552 1793 1510 1728 1501 1726 1501 1439 1512 1349 1514 1307 1512 1211 1506 1209 1506 1171 1512 1150 1516 1117 1514 1067 1508 1065 1508 1063 1508 1062 1508 1054 1514 1046 1518 453 1518 455 1569"/></Shape>
	    <String CONTENT="appetitiua per rao dela concupiscibla o irascibla. E aquesta"
                    HPOS="453"
                    VPOS="1501"
                    WIDTH="1343"
                    HEIGHT="97"
                    WC="0.967266634106636"></String>
          </TextLine>

          
          
          <TextLine ID="eSc_line_e6887e23"
                    TAGREFS="LT6482"
                    BASELINE="451 1636 1793 1613" 
                    HPOS="449"
                    VPOS="1571"
                    WIDTH="1344"
                    HEIGHT="84">
            <Shape><Polygon POINTS="451 1636 451 1655 1793 1636 1793 1613 1787 1571 449 1590 451 1636"/></Shape>
	    <String CONTENT="te tres potencias. ço es natural xital e aĩal. La  potencia na"
                    HPOS="449"
                    VPOS="1571"
                    WIDTH="1344"
                    HEIGHT="84"
                    WC="0.987514422275126"></String>
          </TextLine>

          
          
          <TextLine ID="eSc_line_a0db52df"
                    TAGREFS="LT6482"
                    BASELINE="449 1696 1796 1677" 
                    HPOS="447"
                    VPOS="1625"
                    WIDTH="1349"
                    HEIGHT="88">
            <Shape><Polygon POINTS="449 1696 449 1713 1796 1701 1796 1677 1793 1634 1684 1625 1682 1625 1680 1625 1659 1634 1655 1636 1639 1634 1559 1627 1557 1627 1555 1627 1527 1636 1519 1638 1494 1636 1391 1629 1389 1629 1307 1638 1280 1631 1278 1631 1276 1631 1274 1631 1257 1640 1251 1642 1234 1640 1182 1633 1180 1633 1178 1633 1146 1640 1140 1642 1138 1640 1121 1633 1119 1633 1117 1633 1115 1633 1090 1642 1083 1644 1075 1642 1050 1634 1048 1634 1046 1634 1044 1634 1042 1634 1035 1642 1031 1644 1014 1642 960 1636 958 1636 956 1636 954 1636 947 1644 943 1646 886 1644 755 1638 753 1638 752 1638 727 1646 711 1650 696 1646 671 1640 669 1640 667 1640 665 1640 664 1640 656 1646 652 1650 641 1646 620 1640 618 1640 616 1640 447 1648 449 1696"/></Shape>
	    <String CONTENT="tural es aquella que esten lo  sperit natur al proceint del cor"
                    HPOS="447"
                    VPOS="1625"
                    WIDTH="1349"
                    HEIGHT="88"
                    WC="0.9797074387943934"></String>
          </TextLine>

          
          
          <TextLine ID="eSc_line_e9ad5790"
                    TAGREFS="LT6482"
                    BASELINE="453 1757 1800 1742" 
                    HPOS="451"
                    VPOS="1690"
                    WIDTH="1349"
                    HEIGHT="92">
            <Shape><Polygon POINTS="453 1757 453 1782 1075 1782 1075 1780 1155 1770 1159 1770 1163 1770 1291 1778 1293 1778 1295 1778 1331 1766 1335 1766 1345 1766 1418 1774 1419 1774 1477 1764 1481 1764 1483 1764 1504 1774 1506 1774 1507 1774 1691 1763 1726 1772 1728 1772 1729 1772 1800 1759 1800 1742 1796 1701 1703 1690 1701 1690 1561 1701 1490 1692 1488 1692 1486 1692 1446 1703 1354 1694 1352 1694 1351 1694 1316 1703 1295 1694 1293 1694 1291 1694 1182 1705 1146 1696 1144 1696 1142 1696 1140 1696 1138 1696 1121 1707 1119 1709 1029 1709 989 1709 977 1698 975 1698 974 1698 972 1698 970 1698 947 1709 945 1709 943 1709 899 1699 897 1699 895 1699 893 1699 882 1709 876 1709 656 1701 654 1701 652 1701 620 1713 616 1715 451 1715 453 1757"/></Shape>
	    <String CONTENT="per totas  las  xenas del cors nodrint  lo  e faent  lo  xiure. Car"
                    HPOS="451"
                    VPOS="1690"
                    WIDTH="1349"
                    HEIGHT="92"
                    WC="0.9673147352773752"></String>
          </TextLine>

          
          
          <TextLine ID="eSc_line_f28c5a70"
                    TAGREFS="LT6482"
                    BASELINE="459 1818 1050 1818 1802 1801" 
                    HPOS="457"
                    VPOS="1753"
                    WIDTH="1345"
                    HEIGHT="96">
            <Shape><Polygon POINTS="459 1818 459 1839 585 1849 587 1849 589 1849 618 1839 620 1839 629 1839 725 1847 727 1847 826 1837 864 1835 907 1837 997 1843 998 1843 1000 1843 1002 1843 1010 1837 1016 1833 1802 1833 1802 1801 1796 1753 1536 1764 1462 1759 1404 1755 1402 1755 1333 1761 1263 1768 1207 1764 1140 1759 1138 1759 1136 1759 1119 1766 1107 1770 1094 1766 1081 1763 1079 1763 1077 1763 1033 1768 993 1772 951 1770 863 1763 861 1763 859 1763 838 1772 830 1774 807 1772 729 1764 727 1764 598 1776 577 1778 564 1778 486 1768 484 1768 482 1768 457 1778 459 1818"/></Shape>
	    <String CONTENT="segons consta en lo libre de differencia de sperit e aĩa : sperit"
                    HPOS="457"
                    VPOS="1753"
                    WIDTH="1345"
                    HEIGHT="96"
                    WC="0.9613751588445721"></String>
          </TextLine>

          
          
          <TextLine ID="eSc_line_bd2afadc"
                    TAGREFS="LT6482"
                    BASELINE="466 1883 1804 1864" 
                    HPOS="465"
                    VPOS="1824"
                    WIDTH="1339"
                    HEIGHT="80">
            <Shape><Polygon POINTS="466 1883 466 1904 1802 1885 1804 1864 1800 1826 1144 1824 1142 1824 995 1835 866 1828 864 1828 729 1839 482 1833 480 1833 478 1833 476 1833 465 1839 466 1883"/></Shape>
	    <String CONTENT="es un xapor suꝑtil proceint del cor estenent se per totas las"
                    HPOS="465"
                    VPOS="1824"
                    WIDTH="1339"
                    HEIGHT="80"
                    WC="0.9846216586769604"></String>
          </TextLine>

          
          
          <TextLine ID="eSc_line_5268701c"
                    TAGREFS="LT6482"
                    BASELINE="449 1946 1806 1929" 
                    HPOS="447"
                    VPOS="1875"
                    WIDTH="1359"
                    HEIGHT="88">
            <Shape><Polygon POINTS="449 1946 449 1963 1804 1948 1806 1929 1800 1875 1647 1887 1419 1881 1349 1881 1347 1881 1345 1881 1339 1883 1324 1891 1241 1885 1197 1883 1196 1883 1194 1883 1180 1887 1157 1893 1098 1889 1048 1885 1046 1885 447 1900 449 1946"/></Shape>
	    <String CONTENT="xenas del cors. E ab tot largament prenemsperit ꝑer tota"
                    HPOS="447"
                    VPOS="1875"
                    WIDTH="1359"
                    HEIGHT="88"
                    WC="0.9782076871820858"></String>
          </TextLine>

          
          
          <TextLine ID="eSc_line_a7e58ef2"
                    TAGREFS="LT6482"
                    BASELINE="457 2011 1806 1992" 
                    HPOS="455"
                    VPOS="1940"
                    WIDTH="1351"
                    HEIGHT="90">
            <Shape><Polygon POINTS="457 2011 457 2030 1400 2026 1804 2011 1806 1992 1802 1952 1747 1940 1745 1940 1506 1954 1146 1948 1144 1948 1142 1948 1140 1948 1125 1960 1042 1950 1041 1950 1039 1950 993 1961 979 1952 977 1952 975 1952 974 1952 717 1965 639 1956 637 1956 455 1969 457 2011"/></Shape>
	    <String CONTENT="cosa no corpores ço es angel aĩa dyable: pero propriament"
                    HPOS="455"
                    VPOS="1940"
                    WIDTH="1351"
                    HEIGHT="90"
                    WC="0.9667721173520816"></String>
          </TextLine>

          
          
          <TextLine ID="eSc_line_97f6efa2"
                    TAGREFS="LT6482"
                    BASELINE="455 2078 1808 2055" 
                    HPOS="453"
                    VPOS="2000"
                    WIDTH="1355"
                    HEIGHT="93">
            <Shape><Polygon POINTS="455 2078 455 2093 1806 2074 1808 2055 1804 2009 1710 2000 1708 2000 1706 2000 1705 2000 1691 2009 1685 2011 1571 2011 1316 2007 1314 2007 1312 2007 1310 2007 1303 2013 1297 2017 1274 2013 1241 2007 1240 2007 1178 2013 1111 2021 1054 2015 1016 2011 1014 2011 1012 2011 998 2015 974 2023 863 2017 828 2015 826 2015 809 2017 744 2026 579 2019 564 2019 562 2019 560 2019 558 2019 533 2030 453 2021 455 2078"/></Shape>
	    <String CONTENT="parlant sperit es lo que hauem diffinit. Mas lo sperit sant"
                    HPOS="453"
                    VPOS="2000"
                    WIDTH="1355"
                    HEIGHT="93"
                    WC="0.9845483798091694"></String>
          </TextLine>

          
          
          <TextLine ID="eSc_line_24e0ec15"
                    TAGREFS="LT6482"
                    BASELINE="461 2139 1804 2120" 
                    HPOS="459"
                    VPOS="2067"
                    WIDTH="1345"
                    HEIGHT="95">
            <Shape><Polygon POINTS="461 2139 461 2162 1804 2139 1804 2120 1800 2078 1668 2067 1666 2067 1664 2067 1639 2078 1638 2078 1630 2078 1534 2069 1532 2069 1481 2078 1471 2080 1408 2080 1157 2074 1155 2074 1153 2074 1138 2080 1127 2086 1100 2082 1071 2076 1069 2076 1031 2082 987 2088 459 2086 461 2139"/></Shape>
	    <String CONTENT="es en ligament de amor proceint del pare e del fill ensems."
                    HPOS="459"
                    VPOS="2067"
                    WIDTH="1345"
                    HEIGHT="95"
                    WC="0.980728295900054"></String>
          </TextLine>

          
          
          <TextLine ID="eSc_line_71f7b316"
                    TAGREFS="LT6482"
                    BASELINE="457 2206 1798 2179" 
                    HPOS="455"
                    VPOS="2128"
                    WIDTH="1343"
                    HEIGHT="103">
            <Shape><Polygon POINTS="457 2206 457 2225 740 2231 742 2231 744 2231 746 2231 757 2220 759 2220 761 2220 797 2229 799 2229 801 2229 945 2216 964 2216 985 2216 1146 2222 1148 2222 1150 2222 1152 2222 1152 2220 1161 2212 1163 2212 1220 2222 1222 2222 1796 2199 1798 2179 1794 2135 1626 2128 1624 2128 1525 2139 1500 2143 1398 2143 1395 2141 1387 2134 1385 2134 1383 2134 1381 2134 1331 2143 1312 2147 1146 2147 1142 2145 1129 2137 1127 2137 1125 2137 1123 2137 1121 2137 1100 2147 1092 2149 1081 2147 1044 2139 1042 2139 1041 2139 1039 2139 1029 2147 1023 2151 997 2149 933 2141 931 2141 803 2145 801 2145 799 2145 792 2151 788 2156 455 2156 457 2206"/></Shape>
	    <String CONTENT="E perço aquest sperit se diu  la terça persona en trinitat.se&#x27;"
                    HPOS="455"
                    VPOS="2128"
                    WIDTH="1343"
                    HEIGHT="103"
                    WC="0.9601771989837289"></String>
          </TextLine>

          
          
          <TextLine ID="eSc_line_4925e7d7"
                    TAGREFS="LT6482"
                    BASELINE="472 2267 1213 2262 1804 2243" 
                    HPOS="470"
                    VPOS="2195"
                    WIDTH="1334"
                    HEIGHT="97">
            <Shape><Polygon POINTS="472 2267 472 2292 1804 2264 1804 2243 1800 2202 1638 2195 1636 2195 1634 2195 1632 2195 1618 2202 1617 2204 1611 2202 1576 2195 1574 2195 1573 2195 1571 2195 1544 2204 1534 2206 1506 2204 1435 2199 1433 2199 1431 2199 1429 2199 1419 2206 1416 2208 1410 2206 1395 2199 1393 2199 1391 2199 1389 2199 1387 2199 1379 2206 1375 2208 1341 2206 1284 2202 1282 2202 1253 2206 1224 2212 1196 2208 1165 2202 1163 2202 1161 2202 1146 2208 1129 2214 1088 2208 1052 2204 1050 2204 1016 2210 972 2216 920 2210 895 2208 893 2208 891 2208 889 2208 887 2210 878 2218 836 2212 813 2208 811 2208 809 2208 807 2208 807 2210 805 2212 796 2220 763 2212 752 2210 750 2210 721 2212 631 2222 616 2214 612 2212 610 2212 608 2212 606 2212 600 2214 576 2223 470 2216 472 2267"/></Shape>
	    <String CONTENT="gons lo mestre lar gament tracta en lo primer delas senten¬"
                    HPOS="470"
                    VPOS="2195"
                    WIDTH="1334"
                    HEIGHT="97"
                    WC="0.9741622189343986"></String>
          </TextLine>

          
          
          <TextLine ID="eSc_line_04493be7"
                    TAGREFS="LT6482"
                    BASELINE="455 2330 1243 2325 1812 2308" 
                    HPOS="453"
                    VPOS="2262"
                    WIDTH="1359"
                    HEIGHT="97">
            <Shape><Polygon POINTS="455 2330 455 2348 549 2359 551 2359 723 2346 731 2346 734 2346 799 2355 801 2355 803 2355 842 2344 845 2344 855 2344 954 2353 956 2353 958 2353 989 2342 993 2342 1002 2342 1077 2352 1079 2352 1081 2352 1102 2342 1106 2340 1115 2342 1165 2350 1167 2350 1812 2332 1812 2308 1806 2262 1205 2275 1148 2267 1136 2267 1134 2267 1125 2269 1077 2277 977 2269 954 2269 952 2269 951 2269 949 2269 949 2271 939 2279 608 2275 597 2275 595 2275 593 2275 572 2285 453 2277 455 2330"/></Shape>
	    <String CONTENT="cias distinccio trentasisena. E aquest sperit no es la anima"
                    HPOS="453"
                    VPOS="2262"
                    WIDTH="1359"
                    HEIGHT="97"
                    WC="0.9677182853221893"></String>
          </TextLine>

          
          
          <TextLine ID="eSc_line_88b1d21d"
                    TAGREFS="LT6482"
                    BASELINE="455 2394 1253 2388 1781 2373" 
                    HPOS="453"
                    VPOS="2325"
                    WIDTH="1328"
                    HEIGHT="88">
            <Shape><Polygon POINTS="455 2394 455 2413 1282 2411 1779 2394 1781 2373 1777 2334 1588 2325 1586 2325 1584 2325 1557 2336 1555 2336 1481 2327 1479 2327 1477 2327 1454 2336 1400 2329 1398 2329 1396 2329 1395 2329 1383 2338 1329 2330 1328 2330 1205 2340 1190 2330 1188 2330 1186 2330 1184 2330 1129 2342 1042 2332 1041 2332 1039 2332 1012 2342 943 2334 941 2334 939 2334 937 2334 924 2344 870 2336 868 2336 729 2348 727 2348 591 2338 589 2338 453 2352 455 2394"/></Shape>
	    <String CONTENT="sino ena xapor que ix dela sanch que sta entorn del cor."
                    HPOS="453"
                    VPOS="2325"
                    WIDTH="1328"
                    HEIGHT="88"
                    WC="0.9897862949541637"></String>
          </TextLine>

          
          
          <TextLine ID="eSc_line_f7aa3ffb"
                    TAGREFS="LT6482"
                    BASELINE="442 2461 1816 2434" 
                    HPOS="440"
                    VPOS="2380"
                    WIDTH="1376"
                    HEIGHT="109">
            <Shape><Polygon POINTS="442 2461 445 2489 459 2480 568 2485 608 2487 610 2487 612 2487 621 2483 646 2476 696 2483 719 2485 721 2485 723 2485 725 2485 729 2482 742 2474 910 2478 1027 2480 1029 2480 1816 2455 1816 2434 1812 2388 1733 2380 1731 2380 1729 2380 1728 2380 1718 2388 1710 2394 1521 2396 1506 2392 1492 2386 1490 2386 1488 2386 1486 2386 1484 2386 1479 2392 1473 2397 1456 2392 1446 2388 1444 2388 1442 2388 1440 2388 1427 2392 1400 2399 1368 2392 1351 2390 1349 2390 1308 2394 1209 2403 1146 2396 1115 2392 1113 2392 1081 2396 1010 2407 941 2397 918 2396 916 2396 914 2396 912 2396 912 2397 910 2397 901 2409 884 2399 880 2397 878 2397 876 2397 874 2397 870 2399 842 2409 824 2399 822 2397 820 2397 819 2397 817 2397 815 2397 807 2399 765 2411 729 2401 723 2399 721 2399 719 2399 717 2399 715 2399 713 2401 696 2413 637 2401 629 2401 627 2401 625 2401 621 2401 574 2415 531 2403 530 2403 528 2403 440 2403 442 2461"/></Shape>
	    <String CONTENT="¶La potencia xital es aquella que mou los polços. e tanbe"
                    HPOS="440"
                    VPOS="2380"
                    WIDTH="1376"
                    HEIGHT="109"
                    WC="0.9656771637242416"></String>
          </TextLine>

          
          
          <TextLine ID="eSc_line_35e80d79"
                    TAGREFS="LT6482"
                    BASELINE="457 2516 755 2522 1804 2499" 
                    HPOS="455"
                    VPOS="2455"
                    WIDTH="1349"
                    HEIGHT="93">
            <Shape><Polygon POINTS="457 2516 457 2541 648 2548 650 2548 993 2533 1046 2541 1048 2541 1050 2541 1075 2531 1163 2539 1165 2539 1238 2529 1657 2529 1659 2529 1661 2529 1662 2529 1678 2520 1739 2527 1741 2527 1804 2516 1804 2499 1800 2457 1280 2455 1278 2455 1276 2455 1274 2455 1264 2461 1255 2466 1176 2462 1109 2459 1107 2459 1106 2459 1104 2459 1098 2462 1090 2468 1042 2462 1012 2461 1010 2461 991 2464 949 2472 807 2466 761 2464 759 2464 757 2464 748 2466 709 2476 698 2466 696 2466 694 2466 692 2466 690 2466 688 2466 675 2476 541 2470 539 2470 537 2470 535 2470 522 2480 455 2470 457 2516"/></Shape>
	    <String CONTENT="porta aquest sperit per las  uenas xiuificant  lo  cors.La po¬"
                    HPOS="455"
                    VPOS="2455"
                    WIDTH="1349"
                    HEIGHT="93"
                    WC="0.9431009984785511"></String>
          </TextLine>

          
          
          <TextLine ID="eSc_line_4cd38d1c"
                    TAGREFS="LT6482"
                    BASELINE="447 2583 1173 2581 1816 2562" 
                    HPOS="445"
                    VPOS="2510"
                    WIDTH="1371"
                    HEIGHT="153">
            <Shape><Polygon POINTS="447 2583 447 2631 484 2631 487 2633 507 2646 509 2646 510 2646 512 2646 514 2646 549 2633 551 2633 558 2633 669 2646 671 2646 673 2646 675 2646 688 2635 696 2629 757 2629 765 2635 778 2646 780 2646 782 2646 784 2646 828 2642 880 2663 882 2663 884 2663 920 2661 922 2661 924 2661 956 2636 975 2623 1073 2631 1075 2631 1209 2621 1234 2640 1240 2644 1241 2644 1243 2644 1245 2646 1322 2646 1337 2657 1339 2657 1341 2657 1343 2659 1366 2659 1366 2657 1368 2657 1370 2657 1389 2640 1406 2627 1473 2642 1532 2654 1534 2654 1816 2644 1816 2562 1810 2510 1733 2520 1594 2514 1561 2514 1559 2514 1548 2516 1494 2526 1335 2520 1234 2518 1232 2518 1230 2518 1217 2524 1201 2529 1102 2526 972 2522 970 2522 968 2522 949 2529 939 2533 926 2531 893 2524 891 2524 889 2524 887 2524 880 2531 876 2535 780 2535 776 2533 759 2526 757 2526 755 2526 702 2535 690 2537 671 2537 570 2529 568 2529 566 2529 564 2529 554 2539 528 2529 526 2529 524 2529 445 2541 447 2583"/></Shape>
	    <String CONTENT="tecia animal es aquella qui mou tot lo cors. aço fa faent pu"
                    HPOS="445"
                    VPOS="2510"
                    WIDTH="1371"
                    HEIGHT="153"
                    WC="0.9327997408929418"></String>
          </TextLine>

          
        </TextBlock>
        

        
      </PrintSpace>
    </Page>
  </Layout>
</alto>
