1677 2500
336 322 699 51 Stenso qd in potentiis naturalibus nec in sensibus hnt ẽẽ

339 358 697 55 uirtutes restat ostendere & quomodo distinguntur & quõ

300 394 746 57 intellectu & appetitu. existant. Distinguendum est igi

277 433 753 50 tur de uirtutibus & de huius moĩ potentiis. Nam uirtutum

277 470 766 52 quedam sunt intellectuales quedam morales quedam me¬

279 505 751 56 die inter intellectuales & morales. uirtutes intellectuales

279 541 757 60 dicuntur ille que sunt intellectu speculatiuꝰ cuius modi st

279 583 754 51 scientie speculatiue ut naturalis pha geometria met

277 612 794 63 thafisica & cetẽa talia uirtutes uero simpliciter morales

280 651 774 58 sunt ille que st̃ in appetitu siue appetitus ille sit sensiticus

279 690 765 55 siue intellechuus huius moi autem st̃ iustitia temꝑan¬

279 727 761 52 tia fortitudo mansuetudo & cetẽa talia dequibus sumꝰ

279 765 776 55 singulariter tractaturi.irtutes autem medie inter

279 800 776 51 actuales & morales sunt uirtutes exstentes in intellectu

277 840 769 54 ptico ut prudentia & alie uirtutes sibi annexe. Pruden

277 875 780 55 tia autem secundum commentatorem suꝑ libro eth me¬

276 916 760 54 dia interuirtutes morales & intellectuales computari tñt

266 951 759 57 potest cũ uirtutib moralibus. Nam prudentia non in ẽ

264 987 774 54 nisi hominibus bonis sicut nec uirtutes morales pui eni

264 1022 791 59 homines & si possint eẽ scientes & astuti uersi pelles pru¬

280 1063 774 50 dentes tñ esse non possunt. ut suo loco patetit inde est er¬

264 1091 780 56 go quod dicitur. et quod impossibile est prudentẽ

264 1135 776 54 non entem bonum Omissis igitur uirtutibꝯ intellecꝰ¬

282 1170 748 57 tualibus & dimissis scientiis speculatiuis & prudentia &

284 1208 753 50 uirtutibus moralibus intractandum suscepimus enim

264 1241 789 52 ut pluries diximus presens opus non ut sciamus sed ut bo¬

280 1276 770 54 ni fiamus que bonitas sine prudentia & uirtutibꝯ mora

279 1315 769 51 libus nobis in ẽẽ non potest. Has autem uirtutes in intel¬

280 1348 756 53 lectu & appetitu sic esse contingit dictum est enim uir¬

264 1381 787 58 tutem esse aliquia secundum rationem. oport& ergo ẽẽ

280 1423 784 52 rationalem potentia inqua ponitur ẽẽ uirtus rationale aũt

282 1459 783 49 duplex est secundum phm peressentiam & per participa

283 1490 774 50 tionem. Nam appetitus lic& non sit ipẽ intellectus uel ip̃a

283 1525 759 48 ratio essentialiter dicitur tñ participare rationem quia

284 1558 766 55 est actus nactus rationi obedire potentie autem natura¬

283 1594 765 51 les & sensus non sunt rationales peressentiam quia nont

283 1629 778 57 sunt ip̃a rationec rationem participant quia ꝑ se & secũ¬

284 1662 756 50 dum quod huius moĩ non obediunt rationem. igitur in

283 1698 760 50 sensibus & in potentiis naturalibus ut supra dicebatur

283 1722 770 83 non hab&e eẽ uirtutes sed solum eẽ habent in intellectu
