1677 2500
280 327 774 54 propria loca & propriam quietem. Sic animalia per concupi¬

282 363 761 48 scibilem fugrunt mala tristitia & prosecuntur bona delectabi¬

282 401 760 49 lia perirascibilem uͥ aggrediuntur contraria que possent ea¬

282 436 773 48 abhiuius mõi delectationibus prohibere. ut leo ꝑ concupisibi¬

280 470 764 56 lem pergit ut prosequatur cibum tamq̃ quid delectabile

280 508 755 55 per irascibilem uero aggrediunt alia uolentia ip̃m prohi¬

282 544 779 57 here in cibo adepto ꝑp quod bene dom̃ est quod concupi¬

280 584 767 49 scibilis respicit bonum & malum secundum se. lrascibilis

285 616 785 59 uero respiert bonum & malum in quantum hñt rationẽ

279 656 760 49 difficilis & ardui. Nam cum bonum secundum se dicat qd

282 695 765 56 prosequendum malum uõ quid fugiendum concupiscibi

283 734 771 47 lis que secundum se tendit inquietem & in bona delectabi¬

279 773 761 46 lia & fugit mala tristitia proobiecto hab& bona & malat

279 805 747 49 sensibilia secundum se considerata. lrascibilis uõ secundũ

283 841 749 54 qͣ aggredimur & resistimus prohibentibus & nociuis in¬

279 877 764 52 tendit bona & mala sensibilia non secundum seconside¬

277 913 777 56 rata. sed ut hñt rationem ardui & difficilis Namardui¬

270 952 772 57 tas & difficilitas petissiẽ sunt repugnantia & prohiben¬

271 987 767 60 tia ne possimus consequi bonum & uitare malum. Inper

271 1022 771 57 fecte igitur egiss& natura Sidedissem animalibus & con¬

277 1075 762 47 cupiscibilem perquam uitarent mala & prosequentur

271 1095 759 57 bona. nisi dediss&e eis iraseibilem perquã agprederent᷑

271 1137 780 56 impedientia delectationem illam.Ut igitur animalia ẜm

279 1179 769 47 modum sibi conuenientem plene possint delectari ꝑ con¬

279 1215 763 53 cupiscibilem data ẽ eis irascibilis per q̃ resistant & ag

271 1243 748 61 grediantur in pedientia delectationem illam. Duple¬

277 1290 763 50 est ergo appetitus sensitiuus silic& irascibilis & concupisci

273 1322 780 48 bilis appetitus autem intellectiuus que dicitur uoluntas re¬

271 1352 759 54 man& indiuisus. Nam cum intellectus uniuersaliori mõ

271 1387 757 56 respiciat suum obiectum ꝙͣ sensus appetitus intellectiuus

279 1425 747 45 qui scquitur intellectum uniuersaliori modo fertur inbonũ

277 1458 787 57 qͣ appetitus secundum sensum & quia quanto aliquid sbuni¬

277 1495 763 56 uersaliori modo accipere tanto unum & idem existens ad

279 1544 757 44 plura se extendit. lic& appetitus sensitius sit altus & ali¬

279 1575 768 47 us secundum q̃ prosequimur delectabilia secundum sen¬

277 1601 760 55 sum & aggredimur interibilia appetitus mñ intellectiuus

276 1637 760 56 unus & idem existens fertur in omne bonum & intelli¬

276 1675 764 51 gibile. Non ergo est alius appetitus intellectiuus secun¬

275 1704 765 58 dum ꝙͣ prosequimur bona delectabilia per intellectum

275 1744 767 65 & aggredimur bona ardua sicut est appetitus sensitiuus
