1677 2500
628 676 746 54 ncipit secunda pars primi libri eiusdem. Capitulum primũ

626 711 753 58 quomodo potentie anime diuiduntur inquibus potentiis

628 747 277 43 hab&̃ ẽẽ uirtutes.

878 801 500 69 oS Tq̃AUXILIANTE DEO CÕ

880 855 509 56 pleuimus primam partem huiusmodi

882 891 508 52 primi libri in quo agitur de regimine

880 926 521 55 sui ostendentes in quo reges & principes

878 965 511 46 suam felicitatem debeant ponere ꝗa

876 995 556 55 non dec& eos suos finem ponere in di

879 1036 503 51 uitis nec in ciuili potentia nec in aliꝗ

632 1072 753 53 bus talibus. sed omnibus hiis ut supra. plenius probant᷑

630 1111 748 47 debent uti tanquam organis ad felicitatem. suam. aͧtem

630 1151 756 49 felicitatem ponere debeant in actu prudentie. prout

633 1183 757 50 talis actus ẽ inperatus a caritate. Nam tunc reges feli¬

637 1216 812 49 citatem hab&̃ suo statui debitam & condignam quan¬

629 1252 797 54 do instigante dei dilectione secundum prudentiam regna¬

633 1288 777 50 tiuam sibi conmissam secundum legem & rationem regũt

632 1327 787 46 principaliter igitur regum felicitas ponenda est in ipso do

626 1355 785 49 ex cogitatione & desectione eius suum studium & suam

630 1391 767 53 uitam ad hordinare studeant & cognosecentes & diligen

630 1429 770 47 tes deum tanq̃ ueri ministri eius secundum ordinem ratio¬

630 1465 762 46 nis dirigant populum sibi cõmissum hiis ergo ita ꝑactis

629 1502 756 49 & õnso in quo reges ponere debeant suum finem secundũ

630 1536 798 44 ordinem suꝑius pretaxatum restat ostendere quibus uir¬

626 1570 766 45 tutibus reges pollere debeant.Virtutes autem sunt ꝗ¬

628 1604 782 55 dam ornatus & quedam ꝑfectiones anime oport& igĩtur

630 1638 777 52 prius ostendere quot sunt potentie anime in quibus po¬

630 1676 781 44 tentiis habent esse uirtutes consequenter autem mani¬

618 1706 807 49 festabitur quomodo uirtutes sunt distinguende postea

628 1744 757 75 uero ostendmus quot sunt nũe huius medi uirtutes &
