1677 2500
269 308 773 79 que illarum sunt principales & que secundarie. Deind̃ autem

269 347 750 78 declarabitur singulariter que sit una queq illarum uirtutũ

269 385 780 67 & quomodo dec& reges & principes tales uirtutes habere. Po¬

269 429 725 60 tentie autem anime sic distingui possunt quia quedam

269 458 775 75 cognitiue sensitiue. quedam appetitiue. sunt ille in quibus

269 493 765 69 comunicamus cum uegetabilibus & plantis ut potentia

269 529 778 75 nutritiua augumentatiua & generatiua & talia que etĩa

269 568 778 77 ip̃is arboribus competunt. Potentiue uero cognitiue sen¬

269 612 819 69 sitiem sunt uisus gustus & tactus & talia eum qui¬

269 650 771 66 bus comunicamus cum brutis. Appetitiue uero distin¬

271 683 765 71 guntur. Nam quidem appetitus est in homine inquo nõ

271 720 794 67 comunicat cum brutis ut appetitus sequens intellectum.

269 758 773 69 Quedam uero in quo comunicat cum eis ut appetitus se-

269 787 773 71 quens sensum. Appetitus autem sequens sensum. Põt

275 829 763 64 nominari sensualitas. sequens intellectum nominetur

273 868 790 61 uoluntas secundum quem modum loquendi brutus hab&

269 902 765 64 sensualitatem & appetitum sensitiuum. sed non hab&

269 939 780 73 uoluntatem idest appetitum & intellectuum. Uirtu¬

269 977 761 62 tes igitur dequibus loqui intendimus que sunt quidã

269 1008 780 67 habitus laudabiles uel erunt in potentiis naturalibus ũl

279 1047 772 67 ip̃is sensibus uel in appetitu sensitiuo uel ip̃o intellectu

273 1085 761 67 uel in omnibus hiis uel in aliquibus horum inpotentiis

269 1114 796 69 autem naturalibus ẽẽ non possunt quod triplici uia ue¬

281 1152 772 75 nari possimus. Primo quia ex naturalibus nec laudam̃

283 1189 747 69 nec uituperamur nullus enim dicitur bonus homo ex

269 1231 784 60 eo quod habeat bonam digestiuam uel bonam augmen¬

285 1262 751 69 tatiuam. Secundo in talibus non habent ẽe huius moĩ

300 1302 737 64 uirtutes. quia uirtus est aliquid secumdum rationem

295 1331 770 73 quod probari potest. secundo eth̃. potentie autem natu¬

279 1364 768 77 rales secundum quod huius moĩ st̃. rationi non obediunt

279 1397 803 73 nam siue aliquis ratione siue uelit. non ꝑphoc perse loquẽ¬

294 1444 763 65 do potentie naturales uariantur in actibus suis sed sem¬

301 1479 766 68 per secundum modum sibi presibilem suas actiones ef¬

301 1516 756 67 ficiunt. Tertio intalibus potentiis nonst̃ habitus & uir¬

301 1558 764 57 tutes quia habitus sunt. ad determinandum potentias uel

302 1593 759 59 bene uel male agant ut per habitus uitiosos determinan¬

301 1623 752 68 tur potentia ad agendum male per uirtuosos ad agendũ

305 1663 746 66 bene. Cum ergo natura sit determinata ad unum &

304 1698 770 65 potentie naturales sufficienter determinentur ad a¬

307 1729 748 93 gendum ex nã sua secundum eas nec sumus uirtuosi
