2832 3815
741 500 1709 104 suondo ragione elle sonno nello intellecto enel desidero delluomo¶Ma noi doue

746 574 1666 89 mo sapere che desidero nõne altra chosa senone una mich mança ad auere bene/ o

737 633 1704 85 o a fuggire il male/ che uiene dicio che luomo cognosce bene e male ¶Imꝑo ch

746 690 1676 92 luomo ã .ii. cognoscençe. Luna sie cogmoscengça dellontellecto. Laltre sie

748 752 1672 87 cognoscimento. delli.u. sensi. Eglia insc .ii. desideri ꝑo che qũdo lontellecto

748 807 1651 89 cogmoscie alchumo bene o alchumo male. Egli disidera a ꝑseghunitare il

739 868 1696 87 bene e afuiggire il male e tale desidero noi il chiamiamo uolonta. Et qũdo

733 924 1685 95 ⟦gliuenumt⟧ luomo ꝑli .u. sensi che eglia coginoscie alchuno bene singu

724 989 1679 85 lare o alchuno male.Luomo desidera e suichina ꝑseguitar e afuggire il

737 1040 1660 91 male Et tale desidero esi chiama desidero delli .u. sensi deluomo. ¶ Et

737 1097 1694 98 e dasapere che li desideri che luomo a ꝑla cogmoscença di suoi sensi e diuisa

744 1163 1657 87 iii.ii. desideri ꝑche tucto altresi chome nõi uedemo che natura dona

737 1220 1685 85 al suocho.ii. potençie si chome chalore e ligiereçça ꝑcio che ꝑ legirereçça

741 1282 1724 85 il fuocho possa andare in suo ꝓpio luogho naturale. chede la su uersa la luna

760 1337 1696 87 Et ꝑlo chalore che egli a e ꝓuote contescare alle chose che possono impedire

739 1394 1692 89 il suo deletto nel suo ꝓpio luogho naturale ¶ Echusi e ogłi deglialtri elmiẽti

724 1458 1677 84 Tutto altersi douemo dire che eglie uella natura delle bestie/ che e pui

741 1515 1732 91 francha e pui nobile che la natura degli Elimienti. Enatura dona agli Eli

739 1574 1690 85 menti .ii. Potençie sichomie noi auemo detto. Diricto fu e ragione che na

741 1629 1675 96 tura donasse alle bestie .ii. potençe ¶Imꝑo ch ꝑ gliuomimi laltre bestre ꝑo

741 1691 1662 87 tessoro attendere achose che sosse conuenenole e auere lor ꝓpio diletto. Et

735 1750 1666 89 quella potẽça sie chiamata desidero di bene dilectabile . Et ꝑ altre potẽge

744 1814 1714 85 e potessoro contastare alle chose che illoro diletto potesse impedire. E tale po

739 1865 1673 93 tença sichiama desidero di contastarea q̃llo che il suo ꝓpio diletto possa im

727 1924 1681 89 pedire. Donde noi potemo dire che le uirtu delle buone huepre. Prudeça

744 1979 1678 93 sie intendimẽto. Justicia e mella uolonta. Forteçça di corraggio e nel de

741 2036 1713 96 sidero del contastare a q̃lle chose che impedischono il ꝓpio diletto delluomo.

645 2095 1283 89 Temperança sie ⟦uignod⟧ nel disidero dauere diletto.
